id,country,managed_by,fulfill_via,vendor_inco_term,shipment_mode,late_delivery,late,product_group,sub_classification,vendor,item_description,molecule_test_type,brand,dosage,dosage_form,unit_of_measure_per_pack,line_item_quantity,line_item_value,pack_price,unit_price,manufacturing_site,first_line_designation,weight_kilograms,freight_cost_usd,freight_cost_groups,line_item_insurance_usd,freight_cost_group
36203.0,Nigeria,PMO - US,Direct Drop,EXW,Air,1.0,Yes,HRDT,HIV test,"Orgenics, Ltd","HIV 1/2, Determine Complete HIV Kit, 100 Tests","HIV 1/2, Determine Complete HIV Kit",Determine,N/A,Test kit,100.0,2996.0,266644.0,89.0,0.89,"Alere Medical Co., Ltd.",Yes,1426.0,33279.83,expensive,373.83,expensive
30998.0,Botswana,PMO - US,Direct Drop,EXW,Air,0.0,No,HRDT,HIV test,"Trinity Biotech, Plc","HIV 1/2, Uni-Gold HIV Kit, 20 Tests","HIV 1/2, Uni-Gold HIV Kit",Uni-Gold,N/A,Test kit,20.0,25.0,800.0,32.0,1.6,"Trinity Biotech, Plc",Yes,10.0,559.89,reasonable,1.72,reasonable
69871.0,Vietnam,PMO - US,Direct Drop,EXW,Air,0.0,No,ARV,Adult,HETERO LABS LIMITED,"Lamivudine/Nevirapine/Stavudine 150/200/30mg, tablets, 60 Tabs",Lamivudine/Nevirapine/Stavudine,Generic,150/200/30mg,Tablet - FDC,60.0,22925.0,110040.0,4.8,0.08,Hetero Unit III Hyderabad IN,Yes,3723.0,19056.13,expensive,181.57,expensive
17648.0,South Africa,PMO - US,Direct Drop,DDP,Ocean,0.0,No,ARV,Adult,Aurobindo Pharma Limited,"Lamivudine 150mg, tablets, 60 Tabs",Lamivudine,Generic,150mg,Tablet,60.0,152535.0,361507.95,2.37,0.04,"Aurobindo Unit III, India",Yes,7698.0,11372.23,expensive,779.41,expensive
5647.0,Uganda,PMO - US,Direct Drop,EXW,Air,0.0,No,HRDT,HIV test - Ancillary,"Orgenics, Ltd","HIV, Lancet, Safety, for HIV Test kits, 100 Pcs","HIV, Lancet, Safety, for HIV Test kits, 100 Pcs",Generic,N/A,Test kit - Ancillary,100.0,850.0,8.5,0.01,0.0,Inverness Japan,Yes,56.0,360.0,reasonable,0.01,reasonable
4648.0,Ethiopia,PMO - US,Direct Drop,EXW,Air,0.0,No,HRDT,HIV test,"SHANGHAI KEHUA BIOENGINEERING CO.,LTD.  (KHB)","HIV 1/2, SKB Colloidal Gold, Diagnostic Kit, Antibody, 50 Tests","HIV 1/2, Colloidal Gold, Diagnostic Kit, Antibody",Colloidal Gold,N/A,Test kit,1.0,7002.0,161046.0,23.0,23.0,"KHB Test Kit Facility, Shanghai China",Yes,5057.0,44360.44,expensive,315.65,expensive
29061.0,Sudan,PMO - US,Direct Drop,EXW,Air,0.0,No,HRDT,HIV test,"Orgenics, Ltd","HIV 1/2, Determine Complete HIV Kit, 100 Tests","HIV 1/2, Determine Complete HIV Kit",Determine,N/A,Test kit,100.0,70.0,6230.0,89.0,0.89,"Alere Medical Co., Ltd.",Yes,33.0,1255.77,reasonable,10.28,reasonable
2647.0,Cote d'Ivoire,PMO - US,Direct Drop,EXW,Air,0.0,No,HRDT,HIV test,BIO-RAD LABORATORIES (FRANCE),"#108853** HIV, Genie II HIV-1/HIV-2 Kit, 40 Tests","HIV, Genie II HIV-1/HIV-2 Kit",Genie,N/A,Test kit,40.0,100.0,7535.0,75.35,1.88,Bio-Rad Laboratories,Yes,107.0,1845.74,reasonable,,reasonable
23070.0,Malawi,PMO - US,Direct Drop,EXW,Air,0.0,No,HRDT,HIV test,"Trinity Biotech, Plc","HIV 1/2, Uni-Gold HIV Kit, 20 Tests","HIV 1/2, Uni-Gold HIV Kit",Uni-Gold,N/A,Test kit,20.0,32.0,1024.0,32.0,1.6,"Trinity Biotech, Plc",Yes,17.0,703.25,reasonable,1.27,reasonable
22069.0,Uganda,PMO - US,Direct Drop,EXW,Air,0.0,No,ARV,Adult,CIPLA LIMITED,"Efavirenz 600mg, tablets, 30 Tabs",Efavirenz,Generic,600mg,Tablet,30.0,50000.0,162000.0,3.24,0.11,"Cipla, Goa, India",Yes,5593.0,19759.68,expensive,200.39,expensive
60937.0,Zambia,PMO - US,Direct Drop,EXW,Air,0.0,No,HRDT,HIV test,"Orgenics, Ltd","HIV 1/2, Determine Complete HIV Kit, 100 Tests","HIV 1/2, Determine Complete HIV Kit",Determine,N/A,Test kit,100.0,3182.0,254560.0,80.0,0.8,"Alere Medical Co., Ltd.",Yes,1290.0,14493.3,expensive,261.69,expensive
70366.0,Cote d'Ivoire,PMO - US,Direct Drop,CIP,Air,0.0,No,ARV,Adult,MERCK SHARP & DOHME IDEA GMBH (FORMALLY MERCK SHARP & DOHME B.V.),"Efavirenz/Emtricitabine/Tenofovir Disoproxil Fumarate 600/200/300mg [Atripla], tablets, 30 Tabs",Efavirenz/Emtricitabine/Tenofovir Disoproxil Fumarate,Atripla,600/200/300mg,Tablet - FDC,30.0,3600.0,181440.0,50.4,1.68,"MSD, Haarlem, NL",Yes,402.0,1924.57,reasonable,355.62,reasonable
38504.0,Sudan,PMO - US,Direct Drop,EXW,Air,0.0,No,HRDT,HIV test,"Trinity Biotech, Plc","HIV 1/2, Uni-Gold HIV Kit, 20 Tests","HIV 1/2, Uni-Gold HIV Kit",Uni-Gold,N/A,Test kit,20.0,10.0,320.0,32.0,1.6,"Trinity Biotech, Plc",Yes,4.0,593.8,reasonable,0.53,reasonable
48746.0,South Africa,PMO - US,Direct Drop,DDP,Air,0.0,No,ARV,Adult,Aurobindo Pharma Limited,"Lamivudine 150mg, tablets, 60 Tabs",Lamivudine,Generic,150mg,Tablet,60.0,32070.0,81137.1,2.53,0.04,"Aurobindo Unit III, India",Yes,1727.0,1791.42,reasonable,174.93,reasonable
25824.0,Mozambique,PMO - US,Direct Drop,EXW,Air,0.0,No,HRDT,HIV test,"Orgenics, Ltd","HIV 1/2, Determine HIV Kit, without Lancets, 100 Tests","HIV 1/2, Determine HIV Kit, without Lancets",Determine,N/A,Test kit,100.0,7409.0,575679.3,77.7,0.78,Inverness Japan,Yes,1275.0,15873.44,expensive,949.87,expensive
14447.0,South Africa,PMO - US,Direct Drop,DDP,Ocean,0.0,No,ARV,Adult,Aurobindo Pharma Limited,"Efavirenz 600mg, tablets, 30 Tabs",Efavirenz,Generic,600mg,Tablet,30.0,5745.0,25909.95,4.51,0.15,"Aurobindo Unit III, India",Yes,488.0,4232.71,reasonable,42.75,reasonable
24591.0,Vietnam,PMO - US,Direct Drop,FCA,Air,0.0,No,ARV,Adult,ABBVIE LOGISTICS (FORMERLY ABBOTT LOGISTICS BV),"Lopinavir/Ritonavir 200/50mg [Aluvia], tablets, 120 Tabs",Lopinavir/Ritonavir,Aluvia,200/50mg,Tablet,120.0,3010.0,247422.0,82.2,0.68,ABBVIE Ludwigshafen Germany,Yes,756.0,9193.82,expensive,408.25,expensive
6933.0,Nigeria,PMO - US,Direct Drop,EXW,Air,0.0,No,HRDT,HIV test,"CHEMBIO DIAGNOSTIC SYSTEMS, INC.","HIV 1/2, Stat-Pak HIV, Kit, 20 Tests","HIV 1/2, Stat-Pak HIV, Kit",Stat-Pak,N/A,Test kit,20.0,8153.0,220131.0,27.0,1.35,Chembio Diagnostics Sys. Inc.,Yes,2707.0,13535.55,expensive,352.21,expensive
5657.0,Uganda,PMO - US,Direct Drop,EXW,Air,0.0,No,HRDT,HIV test,"CHEMBIO DIAGNOSTIC SYSTEMS, INC.","HIV 1/2, Stat-Pak HIV, Kit, 20 Tests","HIV 1/2, Stat-Pak HIV, Kit",Stat-Pak,N/A,Test kit,20.0,1275.0,34425.0,27.0,1.35,Chembio Diagnostics Sys. Inc.,Yes,483.0,4193.88,reasonable,55.08,reasonable
14384.0,Tanzania,PMO - US,Direct Drop,EXW,Air,0.0,No,ARV,Pediatric,Aurobindo Pharma Limited,"Efavirenz 50mg, capsule, 30 Caps",Efavirenz,Generic,50mg,Capsule,30.0,20867.0,32552.52,1.56,0.05,"Aurobindo Unit III, India",Yes,1337.0,8403.67,expensive,40.27,expensive
72293.0,Zambia,PMO - US,Direct Drop,EXW,Air,0.0,No,ARV,Adult,HETERO LABS LIMITED,"Nevirapine 200mg, tablets, 60 Tabs",Nevirapine,Generic,200mg,Tablet,60.0,100000.0,218000.0,2.18,0.04,Hetero Unit III Hyderabad IN,Yes,6304.0,34182.97,expensive,224.1,expensive
75706.0,Ghana,PMO - US,Direct Drop,FCA,Air,0.0,No,ARV,Pediatric,ABBVIE LOGISTICS (FORMERLY ABBOTT LOGISTICS BV),"Lopinavir/Ritonavir 100/25mg [Aluvia], tablets, 60 Tabs",Lopinavir/Ritonavir,Generic,100/25mg,Tablet,60.0,934.0,5547.96,5.94,0.1,ABBVIE Ludwigshafen Germany,Yes,110.0,2060.79,reasonable,5.7,reasonable
21656.0,Zambia,PMO - US,Direct Drop,EXW,Air,0.0,No,ARV,Adult,Aurobindo Pharma Limited,"Nevirapine 200mg, tablets, 60 Tabs",Nevirapine,Generic,200mg,Tablet,60.0,42813.0,96329.25,2.25,0.04,"Aurobindo Unit III, India",Yes,4369.0,22508.32,expensive,99.03,expensive
44920.0,Vietnam,PMO - US,Direct Drop,EXW,Air,0.0,No,ARV,Adult,Aurobindo Pharma Limited,"Stavudine 30mg, capsules, 60 Caps",Stavudine,Generic,30mg,Capsule,60.0,9744.0,14128.8,1.45,0.02,"Aurobindo Unit III, India",Yes,656.0,6158.0,expensive,30.46,expensive
14079.0,Tanzania,PMO - US,Direct Drop,EXW,Air,0.0,No,HRDT,HIV test,"Standard Diagnostics, Inc.","HIV 1/2, Determine Complete HIV Kit, 100 Tests","HIV 1/2, Determine Complete HIV Kit",Determine,N/A,Test kit,100.0,2915.0,0.0,0.0,0.0,"Alere Medical Co., Ltd.",Yes,1208.0,20583.37,expensive,0.0,expensive
29317.0,Vietnam,PMO - US,Direct Drop,EXW,Air,0.0,No,ARV,Adult,Aurobindo Pharma Limited,"Nevirapine 200mg, tablets, 60 Tabs",Nevirapine,Generic,200mg,Tablet,60.0,6000.0,13500.0,2.25,0.04,"Aurobindo Unit III, India",Yes,594.0,1113.01,reasonable,16.7,reasonable
16277.0,Ethiopia,PMO - US,Direct Drop,EXW,Air,0.0,No,HRDT,HIV test,"Trinity Biotech, Plc","HIV 1/2, Uni-Gold HIV Kit, 20 Tests","HIV 1/2, Uni-Gold HIV Kit",Uni-Gold,N/A,Test kit,20.0,26.0,832.0,32.0,1.6,"Trinity Biotech, Plc",Yes,17.0,334.65,reasonable,1.17,reasonable
1198.0,Namibia,PMO - US,Direct Drop,EXW,Air,0.0,No,HRDT,HIV test,"Orgenics, Ltd","HIV 1/2, Clearview Complete Kit, 25 Tests","HIV 1/2, Clearview Complete Kit",Clearview,N/A,Test kit,25.0,67.0,5025.0,75.0,3.0,Chembio Diagnostics Sys. Inc.,Yes,48.0,401.97,reasonable,9.85,reasonable
17447.0,Cote d'Ivoire,PMO - US,Direct Drop,FCA,Air,0.0,No,ARV,Pediatric,ABBVIE LOGISTICS (FORMERLY ABBOTT LOGISTICS BV),"Lopinavir/Ritonavir 100/25mg [Aluvia], tablets, 60 Tabs",Lopinavir/Ritonavir,Generic,100/25mg,Tablet,60.0,7850.0,46629.0,5.94,0.1,ABBVIE Ludwigshafen Germany,Yes,909.0,6020.53,expensive,57.68,expensive
38596.0,Zambia,PMO - US,Direct Drop,EXW,Air,0.0,No,HRDT,HIV test,"Orgenics, Ltd","HIV 1/2, Determine Complete HIV Kit, 100 Tests","HIV 1/2, Determine Complete HIV Kit",Determine,N/A,Test kit,100.0,2807.0,202104.0,72.0,0.72,Inverness Japan,Yes,1360.0,20067.34,expensive,435.74,expensive
61403.0,Cote d'Ivoire,PMO - US,Direct Drop,EXW,Air,0.0,No,HRDT,HIV test,"Standard Diagnostics, Inc.","HIV 1/2, Bioline 3.0 Kit, (no accessories), 30 Tests","HIV 1/2, Bioline 3.0 Kit (no accessories)",Bioline,N/A,Test kit,30.0,1206.0,28944.0,24.0,0.8,"Standard Diagnostics, Korea",Yes,429.0,4540.55,reasonable,62.4,reasonable
66641.0,South Africa,PMO - US,Direct Drop,DDP,Air,0.0,No,ARV,Pediatric,Aurobindo Pharma Limited,"Nevirapine 10mg/ml, oral suspension w/syringe, Bottle, 240 ml",Nevirapine,Generic,10mg/ml,Oral suspension,240.0,19050.0,60007.5,3.15,0.01,"Aurobindo Unit III, India",Yes,7349.0,4876.34,reasonable,129.38,reasonable
15142.0,South Africa,PMO - US,Direct Drop,DDP,Air,0.0,No,ARV,Adult,Aurobindo Pharma Limited,"Efavirenz 600mg, tablets, 30 Tabs",Efavirenz,Generic,600mg,Tablet,30.0,11510.0,53751.7,4.67,0.16,"Aurobindo Unit III, India",Yes,993.0,4263.07,reasonable,115.89,reasonable
14230.0,Rwanda,PMO - US,Direct Drop,FCA,Air,0.0,No,ARV,Pediatric,ABBVIE LOGISTICS (FORMERLY ABBOTT LOGISTICS BV),"Lopinavir/Ritonavir 80/20mg/ml [Kaletra], oral solution, cool, Bottle 5 x 60 ml",Lopinavir/Ritonavir,Kaletra,80/20mg/ml,Oral solution,300.0,400.0,12328.0,30.82,0.1,ABBVIE (Abbott) Logis. UK,Yes,454.0,7152.99,expensive,15.25,expensive
58484.0,Cameroon,PMO - US,Direct Drop,EXW,Air,0.0,No,ARV,Adult,Aurobindo Pharma Limited,"Efavirenz/Lamivudine/Tenofovir Disoproxil Fumarate 600/300/300mg, tablets, 30 Tabs",Efavirenz/Lamivudine/Tenofovir Disoproxil Fumarate,Generic,600/300/300mg,Tablet - FDC,30.0,37470.0,417790.5,11.15,0.37,"Aurobindo Unit VII, IN",Yes,4927.0,65875.32,expensive,516.81,expensive
21199.0,Haiti,PMO - US,Direct Drop,FCA,Air,0.0,No,ARV,Pediatric,ABBVIE LOGISTICS (FORMERLY ABBOTT LOGISTICS BV),"Lopinavir/Ritonavir 80/20mg/ml [Kaletra], oral solution, cool, Bottle 5 x 60 ml",Lopinavir/Ritonavir,Kaletra,80/20mg/ml,Oral solution,300.0,40.0,1232.8,30.82,0.1,ABBVIE (Abbott) Logis. UK,Yes,61.0,1257.16,reasonable,1.27,reasonable
72049.0,Uganda,PMO - US,Direct Drop,EXW,Air,0.0,No,ARV,Adult,Aurobindo Pharma Limited,"Nevirapine 200mg, tablets, 60 Tabs",Nevirapine,Generic,200mg,Tablet,60.0,22500.0,52875.0,2.35,0.04,"Aurobindo Unit III, India",Yes,2145.0,8143.97,expensive,74.13,expensive
26093.0,Rwanda,PMO - US,Direct Drop,EXW,Air,0.0,No,ARV,Adult,Aurobindo Pharma Limited,"Nevirapine 200mg, tablets, 60 Tabs",Nevirapine,Generic,200mg,Tablet,60.0,57364.0,129069.0,2.25,0.04,"Aurobindo Unit III, India",Yes,5468.0,48501.5,expensive,180.95,expensive
67308.0,Rwanda,PMO - US,Direct Drop,FCA,Air,0.0,No,ARV,Pediatric,ABBVIE LOGISTICS (FORMERLY ABBOTT LOGISTICS BV),"Lopinavir/Ritonavir 100/25mg [Aluvia], tablets, 60 Tabs",Lopinavir/Ritonavir,Generic,100/25mg,Tablet,60.0,642.0,3813.48,5.94,0.1,ABBVIE Ludwigshafen Germany,Yes,83.0,929.85,reasonable,4.49,reasonable
47311.0,Cote d'Ivoire,PMO - US,Direct Drop,FCA,Ocean,0.0,No,ARV,Adult,ABBVIE LOGISTICS (FORMERLY ABBOTT LOGISTICS BV),"Lopinavir/Ritonavir 200/50mg [Aluvia], tablets, 120 Tabs",Lopinavir/Ritonavir,Aluvia,200/50mg,Tablet,120.0,1573.0,48479.86,30.82,0.26,ABBVIE Ludwigshafen Germany,Yes,393.0,40289.0,expensive,79.99,expensive
35375.0,South Africa,PMO - US,Direct Drop,DDP,Ocean,0.0,No,ARV,Adult,Aurobindo Pharma Limited,"Efavirenz 600mg, tablets, 30 Tabs",Efavirenz,Generic,600mg,Tablet,30.0,69255.0,312340.05,4.51,0.15,"Aurobindo Unit III, India",Yes,5887.0,4232.71,reasonable,515.36,reasonable
21091.0,Haiti,PMO - US,Direct Drop,EXW,Ocean,0.0,No,ARV,Pediatric,MYLAN LABORATORIES LTD (FORMERLY MATRIX LABORATORIES),"Lamivudine/Nevirapine/Zidovudine 30/50/60mg, dispersible tablets, 60 Tabs",Lamivudine/Nevirapine/Zidovudine,Generic,30/50/60mg,Chewable/dispersible tablet - FDC,60.0,5324.0,22094.6,4.15,0.07,Mylan (formerly Matrix) Nashik,Yes,4654.0,8538.03,expensive,30.98,expensive
2008.0,Ethiopia,PMO - US,Direct Drop,EXW,Air,0.0,No,HRDT,HIV test,"SHANGHAI KEHUA BIOENGINEERING CO.,LTD.  (KHB)","HIV 1/2, SKB Colloidal Gold, Diagnostic Kit, Antibody, 50 Tests","HIV 1/2, Colloidal Gold, Diagnostic Kit, Antibody",Colloidal Gold,N/A,Test kit,1.0,6998.0,160954.0,23.0,23.0,"KHB Test Kit Facility, Shanghai China",Yes,5057.0,44347.71,expensive,257.53,expensive
4311.0,Cote d'Ivoire,PMO - US,Direct Drop,EXW,Air,0.0,No,HRDT,HIV test,"Orgenics, Ltd","HIV 1/2, Determine HIV Kit, without Lancets, 100 Tests","HIV 1/2, Determine HIV Kit, without Lancets",Determine,N/A,Test kit,100.0,1116.0,78120.0,70.0,0.7,Inverness Japan,Yes,256.0,4014.57,reasonable,124.99,reasonable
65081.0,Vietnam,PMO - US,Direct Drop,EXW,Air,1.0,Yes,ARV,Adult,HETERO LABS LIMITED,"Efavirenz/Lamivudine/Tenofovir Disoproxil Fumarate 600/300/300mg, tablets, 30 Tabs",Efavirenz/Lamivudine/Tenofovir Disoproxil Fumarate,Generic,600/300/300mg,Tablet - FDC,30.0,14016.0,147168.0,10.5,0.35,Hetero Unit III Hyderabad IN,Yes,1955.0,6194.69,expensive,151.29,expensive
78303.0,Cote d'Ivoire,PMO - US,Direct Drop,CIP,Air,0.0,No,ARV,Pediatric,MERCK SHARP & DOHME IDEA GMBH (FORMALLY MERCK SHARP & DOHME B.V.),"Efavirenz 30mg/ml [Stocrin/Sustiva], oral solution, Bottle, 180 ml",Efavirenz,Stocrin/Sustiva,30mg/ml,Oral solution,180.0,2052.0,34801.92,16.96,0.09,"MSD, Haarlem, NL",Yes,605.0,1416.03,reasonable,57.42,reasonable
34062.0,Vietnam,PMO - US,Direct Drop,EXW,Air,0.0,No,ARV,Adult,MYLAN LABORATORIES LTD (FORMERLY MATRIX LABORATORIES),"Lamivudine/Zidovudine 150/300mg, tablets, 60 Tabs",Lamivudine/Zidovudine,Generic,150/300mg,Tablet - FDC,60.0,9789.0,66075.75,6.75,0.11,Mylan (formerly Matrix) Nashik,Yes,1585.0,2965.32,reasonable,81.74,reasonable
72492.0,Nigeria,PMO - US,Direct Drop,EXW,Air,0.0,No,HRDT,HIV test,"CHEMBIO DIAGNOSTIC SYSTEMS, INC.","HIV 1/2, Stat-Pak HIV, Kit, 20 Tests","HIV 1/2, Stat-Pak HIV, Kit",Stat-Pak,N/A,Test kit,20.0,4848.0,140592.0,29.0,1.45,Chembio Diagnostics Sys. Inc.,Yes,1784.0,8248.33,expensive,197.11,expensive
23023.0,Namibia,PMO - US,Direct Drop,EXW,Air,0.0,No,HRDT,HIV test,"Orgenics, Ltd","HIV 1/2, Determine HIV Kit, without Lancets, 100 Tests","HIV 1/2, Determine HIV Kit, without Lancets",Determine,N/A,Test kit,100.0,75.0,5827.5,77.7,0.78,Inverness Japan,Yes,19.0,718.32,reasonable,8.17,reasonable
43812.0,Rwanda,PMO - US,Direct Drop,CIP,Air,0.0,No,ARV,Adult,Aurobindo Pharma Limited,"Abacavir 300mg, tablets, 60 Tabs",Abacavir,Generic,300mg,Tablet,60.0,10620.0,205284.6,19.33,0.32,"Aurobindo Unit III, India",Yes,1050.0,18475.61,expensive,402.36,expensive
75198.0,Ghana,PMO - US,Direct Drop,EXW,Air,0.0,No,ARV,Adult,Aurobindo Pharma Limited,"Lamivudine/Nevirapine/Zidovudine 150/200/300mg, tablets, 60 Tabs",Lamivudine/Nevirapine/Zidovudine,Generic,150/300/200mg,Tablet - FDC,60.0,25097.0,205795.4,8.2,0.14,"Aurobindo Unit III, India",Yes,3167.0,16189.27,expensive,211.56,expensive
14743.0,South Africa,PMO - US,Direct Drop,DDP,Ocean,0.0,No,ARV,Adult,Aurobindo Pharma Limited,"Zidovudine 300mg, tablets, 60 Tabs",Zidovudine,Generic,300mg,Tablet,60.0,87500.0,641375.0,7.33,0.12,"Aurobindo Unit III, India",Yes,4416.0,7334.83,expensive,1382.8,expensive
20319.0,Zambia,PMO - US,Direct Drop,EXW,Air,0.0,No,HRDT,HIV test,"Orgenics, Ltd","HIV 1/2, Determine Complete HIV Kit, 100 Tests","HIV 1/2, Determine Complete HIV Kit",Determine,N/A,Test kit,100.0,6000.0,480000.0,80.0,0.8,"Alere Medical Co., Ltd.",Yes,2439.0,30885.26,expensive,493.44,expensive
57449.0,Vietnam,PMO - US,Direct Drop,FCA,Air,0.0,No,ARV,Adult,ABBVIE LOGISTICS (FORMERLY ABBOTT LOGISTICS BV),"Lopinavir/Ritonavir 200/50mg [Aluvia], tablets, 120 Tabs",Lopinavir/Ritonavir,Aluvia,200/50mg,Tablet,120.0,4400.0,267608.0,60.82,0.51,ABBVIE Ludwigshafen Germany,Yes,1073.0,1475.94,reasonable,275.1,reasonable
52540.0,Ethiopia,PMO - US,Direct Drop,EXW,Air,0.0,No,ARV,Adult,Aurobindo Pharma Limited,"Didanosine 250mg, delayed-release capsules, 30 Caps",Didanosine,Generic,250mg,Delayed-release capsules,30.0,1625.0,21125.0,13.0,0.43,"Aurobindo Unit III, India",Yes,111.0,1206.62,reasonable,34.86,reasonable
66349.0,South Sudan,PMO - US,Direct Drop,EXW,Air,0.0,No,HRDT,HIV test,"Trinity Biotech, Plc","HIV 1/2, Uni-Gold HIV Kit, 20 Tests","HIV 1/2, Uni-Gold HIV Kit",Uni-Gold,N/A,Test kit,20.0,240.0,7680.0,32.0,1.6,"Trinity Biotech, Plc",Yes,82.0,1504.59,reasonable,10.77,reasonable
51587.0,South Africa,PMO - US,Direct Drop,DDP,Air,0.0,No,ARV,Adult,Aurobindo Pharma Limited,"Nevirapine 200mg, tablets, 60 Tabs",Nevirapine,Generic,200mg,Tablet,60.0,22372.0,65326.24,2.92,0.05,"Aurobindo Unit III, India",Yes,2655.0,6369.79,expensive,140.84,expensive
6691.0,Vietnam,PMO - US,Direct Drop,EXW,Air,0.0,No,ARV,Adult,SUN PHARMACEUTICAL INDUSTRIES LTD (RANBAXY LABORATORIES LIMITED),"Zidovudine 300mg, tablets, 60 Tabs",Zidovudine,Generic,300mg,Tablet,60.0,100.0,894.0,8.94,0.15,"Ranbaxy, Paonta Shahib, India",Yes,6.0,2794.34,reasonable,1.43,reasonable
62521.0,Cote d'Ivoire,PMO - US,Direct Drop,EXW,Air,0.0,No,ARV,Adult,MYLAN LABORATORIES LTD (FORMERLY MATRIX LABORATORIES),"Abacavir/Lamivudine/Zidovudine 300/150/300mg, tablets, 60 Tabs",Abacavir/Lamivudine/Zidovudine,Generic,300/150/300mg,Tablet - FDC,60.0,2688.0,86016.0,32.0,0.53,Mylan (formerly Matrix) Nashik,Yes,421.0,4022.89,reasonable,168.59,reasonable
30412.0,Kenya,PMO - US,Direct Drop,EXW,Air,0.0,No,HRDT,HIV test,Premier Medical Corporation Ltd.,"HIV 1/2/O, First Response HIV 1-2.0, v.3.0 Cards Kit, 30 Tests","HIV 1/2/O, First Response HIV 1-2.0, v.3.0 Cards Kit",First Response,N/A,Test kit,30.0,50.0,1170.0,23.4,0.78,Premier Med. Corp Ltd. India,Yes,18.0,2644.79,reasonable,1.64,reasonable
8407.0,Nigeria,PMO - US,Direct Drop,EXW,Air,0.0,No,HRDT,HIV test,"Orgenics, Ltd","HIV 1/2, Determine HIV Kit, without Lancets, 100 Tests","HIV 1/2, Determine HIV Kit, without Lancets",Determine,N/A,Test kit,100.0,1130.0,90388.7,79.99,0.8,Inverness Japan,Yes,258.0,3748.24,reasonable,144.62,reasonable
64108.0,Nigeria,PMO - US,Direct Drop,EXW,Air,0.0,No,HRDT,HIV test,"Orgenics, Ltd","HIV 1/2, Determine Complete HIV Kit, 100 Tests","HIV 1/2, Determine Complete HIV Kit",Determine,N/A,Test kit,100.0,2835.0,252315.0,89.0,0.89,"Alere Medical Co., Ltd.",Yes,1352.0,30726.22,expensive,353.75,expensive
65780.0,Rwanda,PMO - US,Direct Drop,EXW,Air,0.0,No,ARV,Adult,HETERO LABS LIMITED,"Nevirapine 200mg, tablets, 60 Tabs",Nevirapine,Generic,200mg,Tablet,60.0,55710.0,130361.4,2.34,0.04,Hetero Unit III Hyderabad IN,Yes,3204.0,19625.64,expensive,182.77,expensive
35053.0,Vietnam,PMO - US,Direct Drop,EXW,Air,0.0,No,ARV,Pediatric,Aurobindo Pharma Limited,"Abacavir 20mg/ml, oral solution w/syringe, Bottle, 240 ml",Abacavir,Generic,20mg/ml,Oral solution,240.0,200.0,2500.0,12.5,0.05,"Aurobindo Unit III, India",Yes,546.0,1340.23,reasonable,3.5,reasonable
76270.0,Rwanda,PMO - US,Direct Drop,EXW,Air,0.0,No,HRDT,HIV test,"Orgenics, Ltd","HIV 1/2, Determine HIV Kit, without Lancets, 100 Tests","HIV 1/2, Determine HIV Kit, without Lancets",Determine,N/A,Test kit,100.0,2530.0,196581.0,77.7,0.78,Inverness Japan,Yes,575.0,26849.57,expensive,324.36,expensive
13926.0,South Africa,PMO - US,Direct Drop,DDP,Air,1.0,Yes,ARV,Adult,CIPLA LIMITED,"Tenofovir Disoproxil Fumarate 300mg, tablets, 30 Tabs",Tenofovir Disoproxil Fumarate,Generic,300mg,Tablet,30.0,19992.0,156337.44,7.82,0.26,"Cipla, Goa, India",Yes,1378.0,3646.1,reasonable,337.06,reasonable
55504.0,Ethiopia,PMO - US,Direct Drop,EXW,Air,0.0,No,HRDT,HIV test,"Trinity Biotech, Plc","HIV 1/2, Uni-Gold HIV Kit, 20 Tests","HIV 1/2, Uni-Gold HIV Kit",Uni-Gold,N/A,Test kit,20.0,27.0,864.0,32.0,1.6,"Trinity Biotech, Plc",Yes,10.0,490.23,reasonable,1.21,reasonable
1.0,Cote d'Ivoire,PMO - US,Direct Drop,EXW,Air,0.0,No,HRDT,HIV test,RANBAXY Fine Chemicals LTD.,"HIV, Reveal G3 Rapid HIV-1 Antibody Test, 30 Tests","HIV, Reveal G3 Rapid HIV-1 Antibody Test",Reveal,N/A,Test kit,30.0,19.0,551.0,29.0,0.97,Ranbaxy Fine Chemicals LTD,Yes,13.0,780.34,reasonable,,reasonable
25830.0,South Africa,PMO - US,Direct Drop,DDP,Air,1.0,Yes,ARV,Pediatric,Aurobindo Pharma Limited,"Lamivudine 10mg/ml, oral solution w/syringe, Bottle, 240 ml",Lamivudine,Generic,10mg/ml,Oral solution,240.0,11640.0,34920.0,3.0,0.01,"Aurobindo Unit III, India",Yes,4386.0,12917.3,expensive,75.29,expensive
68361.0,Vietnam,PMO - US,Direct Drop,EXW,Air,0.0,No,ARV,Pediatric,MYLAN LABORATORIES LTD (FORMERLY MATRIX LABORATORIES),"Lamivudine/Nevirapine/Zidovudine 30/50/60mg, dispersible tablets, 60 Tabs",Lamivudine/Nevirapine/Zidovudine,Generic,30/50/60mg,Chewable/dispersible tablet - FDC,60.0,10508.0,43608.2,4.15,0.07,Mylan (formerly Matrix) Nashik,Yes,678.0,2148.1,reasonable,61.14,reasonable
92.0,Nigeria,PMO - US,Direct Drop,EXW,Air,0.0,No,HRDT,HIV test,Abbott GmbH & Co. KG,"HIV 1/2, Determine Complete HIV Kit, 100 Tests","HIV 1/2, Determine Complete HIV Kit",Determine,N/A,Test kit,100.0,1000.0,80000.0,80.0,0.8,ABBVIE GmbH & Co.KG Wiesbaden,Yes,341.0,2682.47,reasonable,128.0,reasonable
67159.0,Malawi,PMO - US,Direct Drop,EXW,Air,0.0,No,HRDT,HIV test,"Orgenics, Ltd","HIV 1/2, Determine Complete HIV Kit, 100 Tests","HIV 1/2, Determine Complete HIV Kit",Determine,N/A,Test kit,100.0,66.0,5280.0,80.0,0.8,"Alere Medical Co., Ltd.",Yes,30.0,1470.09,reasonable,7.4,reasonable
63807.0,Cote d'Ivoire,PMO - US,Direct Drop,EXW,Air,0.0,No,ARV,Pediatric,Aurobindo Pharma Limited,"Nevirapine 50mg, dispersible tablets (tablets for oral suspension), 30 Tabs",Nevirapine,Generic,50mg,Chewable/dispersible tablet,30.0,6500.0,8125.0,1.25,0.04,"Aurobindo Unit III, India",Yes,406.0,4837.38,reasonable,10.05,reasonable
50802.0,Tanzania,PMO - US,Direct Drop,EXW,Air,0.0,No,ARV,Adult,Aurobindo Pharma Limited,"Zidovudine 300mg, tablets, 60 Tabs",Zidovudine,Generic,300mg,Tablet,60.0,11500.0,62445.0,5.43,0.09,"Aurobindo Unit III, India",Yes,632.0,4168.19,reasonable,77.24,reasonable
49211.0,South Africa,PMO - US,Direct Drop,DDP,Ocean,0.0,No,ARV,Adult,CIPLA LIMITED,"Nevirapine 200mg, tablets, 60 Tabs",Nevirapine,Generic,200mg,Tablet,60.0,57925.0,157556.0,2.72,0.05,"Cipla, Goa, India",Yes,6220.0,7175.28,expensive,259.97,expensive
51034.0,Nigeria,PMO - US,Direct Drop,EXW,Air,0.0,No,HRDT,HIV test,"Orgenics, Ltd","HIV 1/2, Determine Complete HIV Kit, 100 Tests","HIV 1/2, Determine Complete HIV Kit",Determine,N/A,Test kit,100.0,898.0,79922.0,89.0,0.89,"Alere Medical Co., Ltd.",Yes,364.0,6522.64,expensive,98.86,expensive
47536.0,Botswana,PMO - US,Direct Drop,EXW,Air,0.0,No,HRDT,HIV test,"Orgenics, Ltd","HIV 1/2, Determine Complete HIV Kit, 100 Tests","HIV 1/2, Determine Complete HIV Kit",Determine,N/A,Test kit,100.0,10.0,800.0,80.0,0.8,Inverness Japan,Yes,5.0,767.63,reasonable,1.32,reasonable
62801.0,South Africa,PMO - US,Direct Drop,DDP,Ocean,0.0,No,ARV,Adult,Aurobindo Pharma Limited,"Tenofovir Disoproxil Fumarate 300mg, tablets, 30 Tabs",Tenofovir Disoproxil Fumarate,Generic,300mg,Tablet,30.0,86843.0,577505.95,6.65,0.22,"Aurobindo Unit III, India",Yes,8106.0,10748.78,expensive,952.88,expensive
47625.0,South Africa,PMO - US,Direct Drop,DDP,Air,1.0,Yes,ARV,Adult,CIPLA LIMITED,"Tenofovir Disoproxil Fumarate 300mg, tablets, 30 Tabs",Tenofovir Disoproxil Fumarate,Generic,300mg,Tablet,30.0,54247.0,424211.54,7.82,0.26,"Cipla, Goa, India",Yes,3728.0,3646.13,reasonable,914.6,reasonable
54271.0,Haiti,PMO - US,Direct Drop,EXW,Air,0.0,No,HRDT,HIV test,"Orgenics, Ltd","HIV 1/2, Determine HIV Kit, without Lancets, 100 Tests","HIV 1/2, Determine HIV Kit, without Lancets",Determine,N/A,Test kit,100.0,2500.0,244200.0,97.68,0.98,Inverness Japan,Yes,568.0,5631.87,expensive,526.5,expensive
29427.0,Vietnam,PMO - US,Direct Drop,EXW,Air,0.0,No,ARV,Adult,MYLAN LABORATORIES LTD (FORMERLY MATRIX LABORATORIES),"Tenofovir Disoproxil Fumarate 300mg, tablets, 30 Tabs",Tenofovir Disoproxil Fumarate,Generic,300mg,Tablet,30.0,3696.0,24948.0,6.75,0.22,Mylan (formerly Matrix) Nashik,Yes,314.0,4885.33,reasonable,53.79,reasonable
61111.0,Uganda,PMO - US,Direct Drop,EXW,Air,0.0,No,ARV,Adult,B&C GROUP S.A.,"Etravirine 100mg [Intelence], tablets, 120 Tabs",Etravirine,Intelence,100mg,Tablet,120.0,502.0,18072.0,36.0,0.3,"Janssen-Cilag, Latina, IT",Yes,119.0,923.18,reasonable,18.58,reasonable
64589.0,Uganda,PMO - US,Direct Drop,EXW,Air,0.0,No,ARV,Pediatric,MICRO LABS LIMITED,"Efavirenz 50mg, capsule, 30 Caps",Efavirenz,Generic,50mg,Capsule,30.0,252.0,504.0,2.0,0.07,"Micro labs, Verna, Goa, India",Yes,9.0,1026.15,reasonable,0.62,reasonable
40214.0,Rwanda,PMO - US,Direct Drop,EXW,Ocean,0.0,No,ARV,Adult,MYLAN LABORATORIES LTD (FORMERLY MATRIX LABORATORIES),"Atazanavir/Ritonavir 300/100mg, tablets, 30 Tabs",Atazanavir/Ritonavir,Generic,300/100mg,Tablet,30.0,28869.0,577380.0,20.0,0.67,Mylan (formerly Matrix) Nashik,Yes,3865.0,5678.36,expensive,593.55,expensive
36842.0,Nigeria,PMO - US,Direct Drop,EXW,Air,0.0,No,HRDT,HIV test,"Orgenics, Ltd","HIV 1/2, Determine Complete HIV Kit, 100 Tests","HIV 1/2, Determine Complete HIV Kit",Determine,N/A,Test kit,100.0,9308.0,828412.0,89.0,0.89,"Alere Medical Co., Ltd.",Yes,3778.0,59767.71,expensive,1024.75,expensive
28656.0,Guyana,PMO - US,Direct Drop,EXW,Air,0.0,No,ARV,Adult,CIPLA LIMITED,"Lopinavir/Ritonavir 200/50mg, tablets, 120 Tabs",Lopinavir/Ritonavir,Generic,200/50mg,Tablet,120.0,691.0,25567.0,37.0,0.31,Cipla Ltd A-42 MIDC Mahar. IN,Yes,191.0,1703.62,reasonable,55.12,reasonable
30274.0,Haiti,PMO - US,Direct Drop,EXW,Air,0.0,No,HRDT,HIV test,"Orgenics, Ltd","HIV 1/2, Determine Complete HIV Kit, 100 Tests","HIV 1/2, Determine Complete HIV Kit",Determine,N/A,Test kit,100.0,4000.0,400000.0,100.0,1.0,"Alere Medical Co., Ltd.",Yes,1740.0,24069.99,expensive,494.8,expensive
27664.0,Ghana,PMO - US,Direct Drop,EXW,Air,0.0,No,ARV,Adult,HETERO LABS LIMITED,"Lamivudine/Tenofovir Disoproxil Fumarate 300/300mg, tablets, 30 Tabs",Lamivudine/Tenofovir Disoproxil Fumarate,Generic,300/300mg,Tablet - FDC,30.0,45632.0,210819.84,4.62,0.15,Hetero Unit III Hyderabad IN,Yes,4539.0,22271.36,expensive,216.72,expensive
14803.0,Rwanda,PMO - US,Direct Drop,EXW,Air,0.0,No,ARV,Pediatric,Aurobindo Pharma Limited,"Nevirapine 10mg/ml, oral suspension w/syringe, Bottle, 240 ml",Nevirapine,Generic,10mg/ml,Oral suspension,240.0,9720.0,14677.2,1.51,0.01,"Aurobindo Unit III, India",Yes,4365.0,,,15.09,expensive
77677.0,Tanzania,PMO - US,Direct Drop,EXW,Air,0.0,No,ARV,Adult,MYLAN LABORATORIES LTD (FORMERLY MATRIX LABORATORIES),"Emtricitabine/Tenofovir Disoproxil Fumarate 200/300mg, tablets, 30 Tabs",Emtricitabine/Tenofovir Disoproxil Fumarate,Generic,200/300mg,Tablet - FDC,30.0,5000.0,28700.0,5.74,0.19,Mylan (formerly Matrix) Nashik,Yes,449.0,2865.22,reasonable,29.5,reasonable
63956.0,Namibia,PMO - US,Direct Drop,EXW,Air,0.0,No,ARV,Adult,HETERO LABS LIMITED,"Lamivudine/Tenofovir Disoproxil Fumarate 300/300mg, tablets, 30 Tabs",Lamivudine/Tenofovir Disoproxil Fumarate,Generic,300/300mg,Tablet - FDC,30.0,2910.0,13444.2,4.62,0.15,Hetero Unit III Hyderabad IN,Yes,352.0,2429.39,reasonable,13.82,reasonable
65323.0,Tanzania,PMO - US,Direct Drop,EXW,Air,0.0,No,ARV,Adult,CIPLA LIMITED,"Lamivudine/Nevirapine/Zidovudine 150/200/300mg, tablets, 60 Tabs",Lamivudine/Nevirapine/Zidovudine,Generic,150/300/200mg,Tablet - FDC,60.0,53239.0,431235.9,8.1,0.13,"Cipla, Goa, India",Yes,7696.0,33442.63,expensive,533.44,expensive
530.0,Vietnam,PMO - US,Direct Drop,EXW,Air,0.0,No,ARV,Adult,MYLAN LABORATORIES LTD (FORMERLY MATRIX LABORATORIES),"Tenofovir Disoproxil Fumarate 300mg, tablets, 30 Tabs",Tenofovir Disoproxil Fumarate,Generic,300mg,Tablet,30.0,1344.0,18359.04,13.66,0.46,Mylan (formerly Matrix) Nashik,Yes,1537.0,13507.92,expensive,29.37,expensive
4947.0,Senegal,PMO - US,Direct Drop,EXW,Air,0.0,No,HRDT,HIV test,"Orgenics, Ltd","HIV 1/2, ImmunoComb TriSpot Ag - Ab Kit, 36 Tests","HIV 1/2, ImmunoComb TriSpot Ag - Ab Kit",ImmunoComb,N/A,Test kit,36.0,80.0,6800.0,85.0,2.36,INVERNESS ORGENICS LINE,Yes,33.0,812.0,reasonable,13.33,reasonable
49076.0,Vietnam,PMO - US,Direct Drop,EXW,Air,0.0,No,ARV,Adult,HETERO LABS LIMITED,"Lamivudine/Nevirapine/Zidovudine 150/200/300mg, tablets, 60 Tabs",Lamivudine/Nevirapine/Zidovudine,Generic,150/300/200mg,Tablet - FDC,60.0,39045.0,320559.45,8.21,0.14,Hetero Unit III Hyderabad IN,Yes,5092.0,7312.6,expensive,396.53,expensive
65238.0,Ethiopia,PMO - US,Direct Drop,EXW,Air,0.0,No,HRDT,HIV test,"SHANGHAI KEHUA BIOENGINEERING CO.,LTD.  (KHB)","HIV 1/2, SKB Colloidal Gold, Diagnostic Kit, Antibody, 50 Tests","HIV 1/2, Colloidal Gold, Diagnostic Kit, Antibody",Colloidal Gold,N/A,Test kit,1.0,7527.0,184411.5,24.5,24.5,"KHB Test Kit Facility, Shanghai China",Yes,5020.0,78813.53,expensive,189.58,expensive
41578.0,Zimbabwe,PMO - US,Direct Drop,FCA,Air,0.0,No,ARV,Pediatric,ABBVIE LOGISTICS (FORMERLY ABBOTT LOGISTICS BV),"Lopinavir/Ritonavir 80/20mg/ml [Kaletra], oral solution, cool, Bottle 5 x 60 ml",Lopinavir/Ritonavir,Kaletra,80/20mg/ml,Oral solution,300.0,1500.0,46230.0,30.82,0.1,ABBVIE (Abbott) Logis. UK,Yes,1374.0,15509.16,expensive,64.81,expensive
20321.0,Vietnam,PMO - US,Direct Drop,EXW,Air,0.0,No,ARV,Adult,MYLAN LABORATORIES LTD (FORMERLY MATRIX LABORATORIES),"Abacavir 300mg, tablets, 60 Tabs",Abacavir,Generic,300mg,Tablet,60.0,331.0,4220.25,12.75,0.21,Mylan (formerly Matrix) Nashik,Yes,2951.0,7211.04,expensive,5.92,expensive
76374.0,Rwanda,PMO - US,Direct Drop,EXW,Air,0.0,No,HRDT,HIV test,"SHANGHAI KEHUA BIOENGINEERING CO.,LTD.  (KHB)","HIV 1/2, SKB Colloidal Gold, Diagnostic Kit, Antibody, 50 Tests","HIV 1/2, Colloidal Gold, Diagnostic Kit, Antibody",Colloidal Gold,N/A,Test kit,1.0,20481.0,501784.5,24.5,24.5,"KHB Test Kit Facility, Shanghai China",Yes,13656.0,139951.34,expensive,620.71,expensive
5857.0,Rwanda,PMO - US,Direct Drop,EXW,Air,0.0,No,HRDT,HIV test,"Orgenics, Ltd","HIV 1/2, Determine HIV Kit, without Lancets, 100 Tests","HIV 1/2, Determine HIV Kit, without Lancets",Determine,N/A,Test kit,100.0,4327.0,302890.0,70.0,0.7,Inverness Japan,Yes,986.0,26574.61,expensive,484.62,expensive
45.0,Tanzania,PMO - US,Direct Drop,EXW,Air,0.0,No,ARV,Adult,Aurobindo Pharma Limited,"Nevirapine 200mg, tablets, 60 Tabs",Nevirapine,Generic,200mg,Tablet,60.0,16667.0,60834.55,3.65,0.06,"Aurobindo Unit III, India",Yes,1478.0,6212.41,expensive,,expensive
2808.0,Ethiopia,PMO - US,Direct Drop,EXW,Air,1.0,Yes,ARV,Adult,Aurobindo Pharma Limited,"Stavudine 30mg, capsules, 60 Caps",Stavudine,Generic,30mg,Capsule,60.0,35065.0,54350.75,1.55,0.03,"Aurobindo Unit III, India",Yes,2318.0,6755.81,expensive,86.96,expensive
20560.0,Ghana,PMO - US,Direct Drop,FCA,Air,0.0,No,ARV,Pediatric,ABBVIE LOGISTICS (FORMERLY ABBOTT LOGISTICS BV),"Lopinavir/Ritonavir 100/25mg [Aluvia], tablets, 60 Tabs",Lopinavir/Ritonavir,Generic,100/25mg,Tablet,60.0,448.0,2661.12,5.94,0.1,ABBVIE Ludwigshafen Germany,Yes,63.0,1317.82,reasonable,2.74,reasonable
66374.0,South Africa,PMO - US,Direct Drop,DDP,Ocean,0.0,No,ARV,Adult,STRIDES ARCOLAB LIMITED,"Nevirapine 200mg, tablets, 60 Tabs",Nevirapine,Generic,200mg,Tablet,60.0,116000.0,327120.0,2.82,0.05,"Strides, Bangalore, India.",Yes,7193.0,8559.24,expensive,705.27,expensive
9874.0,Vietnam,PMO - US,Direct Drop,CIP,Air,0.0,No,ARV,Pediatric,BRISTOL-MYERS SQUIBB,"Didanosine 25mg [Videx], chewable tablets, 60 Tabs",Didanosine,Videx,25mg,Chewable/dispersible tablet,60.0,240.0,1680.0,7.0,0.12,"BMS Meymac, France",Yes,52.0,1516.05,reasonable,3.29,reasonable
28190.0,South Africa,PMO - US,Direct Drop,DDP,Ocean,0.0,No,ARV,Adult,Aurobindo Pharma Limited,"Zidovudine 300mg, tablets, 60 Tabs",Zidovudine,Generic,300mg,Tablet,60.0,100000.0,730000.0,7.3,0.12,"Aurobindo Unit III, India",Yes,5177.0,10405.58,expensive,1204.5,expensive
29725.0,Haiti,PMO - US,Direct Drop,EXW,Ocean,0.0,No,ARV,Adult,Aurobindo Pharma Limited,"Efavirenz/Lamivudine/Tenofovir Disoproxil Fumarate 600/300/300mg, tablets, 30 Tabs",Efavirenz/Lamivudine/Tenofovir Disoproxil Fumarate,Generic,600/300/300mg,Tablet - FDC,30.0,26010.0,273105.0,10.5,0.35,"Aurobindo Unit VII, IN",Yes,3619.0,10101.17,expensive,280.75,expensive
59704.0,South Africa,PMO - US,Direct Drop,DDP,Ocean,0.0,No,ARV,Pediatric,Aurobindo Pharma Limited,"Nevirapine 10mg/ml, oral suspension w/syringe, Bottle, 240 ml",Nevirapine,Generic,10mg/ml,Oral suspension,240.0,5590.0,11850.8,2.12,0.01,"Aurobindo Unit III, India",Yes,2068.0,3961.69,reasonable,19.55,reasonable
535.0,Tanzania,PMO - US,Direct Drop,CIP,Air,0.0,No,ARV,Adult,BRISTOL-MYERS SQUIBB,"Didanosine EC 400mg [Videx EC], delayed-release capsules, Blister 3 x 10 Caps",Didanosine EC,Videx EC,400mg,Delayed-release capsules - blister,30.0,2597.0,61470.99,23.67,0.79,"BMS Meymac, France",Yes,117.0,645.1,reasonable,98.35,reasonable
43430.0,South Africa,PMO - US,Direct Drop,DDP,Ocean,0.0,No,ARV,Adult,CIPLA LIMITED,"Tenofovir Disoproxil Fumarate 300mg, tablets, 30 Tabs",Tenofovir Disoproxil Fumarate,Generic,300mg,Tablet,30.0,105707.0,725150.02,6.86,0.23,"Cipla, Goa, India",Yes,7092.0,7704.77,expensive,1196.5,expensive
42038.0,Kenya,PMO - US,Direct Drop,EXW,Air,1.0,Yes,HRDT,HIV test,"Orgenics, Ltd","HIV 1/2, Determine Complete HIV Kit, 100 Tests","HIV 1/2, Determine Complete HIV Kit",Determine,N/A,Test kit,100.0,7888.0,631040.0,80.0,0.8,Inverness Japan,Yes,1357.0,12965.93,expensive,1360.52,expensive
10085.0,Ethiopia,PMO - US,Direct Drop,EXW,Air,0.0,No,HRDT,HIV test,"CHEMBIO DIAGNOSTIC SYSTEMS, INC.","HIV 1/2, Stat-Pak HIV, Kit, 20 Tests","HIV 1/2, Stat-Pak HIV, Kit",Stat-Pak,N/A,Test kit,20.0,9325.0,251775.0,27.0,1.35,Chembio Diagnostics Sys. Inc.,Yes,3061.0,15288.75,expensive,493.48,expensive
80872.0,Cote d'Ivoire,PMO - US,Direct Drop,EXW,Air,0.0,No,HRDT,HIV test,"Standard Diagnostics, Inc.","HIV 1/2, Bioline 3.0 Kit, Lancets, Capillary pipets, Alcohol swabs included, 25 Tests","HIV 1/2, Bioline 3.0 Kit, Lancets, Capillary pipets, Alcohol swabs included",Bioline,N/A,Test kit,25.0,1400.0,28700.0,20.5,0.82,"Standard Diagnostics, Korea",Yes,469.0,5463.16,expensive,35.5,expensive
81050.0,Uganda,PMO - US,Direct Drop,EXW,Ocean,0.0,No,ARV,Adult,STRIDES ARCOLAB LIMITED,"Efavirenz 600mg, tablets, 30 Tabs",Efavirenz,Generic,600mg,Tablet,30.0,63652.0,203049.88,3.19,0.11,"Strides, Bangalore, India.",Yes,3963.0,12961.76,expensive,251.17,expensive
78526.0,Cameroon,PMO - US,Direct Drop,EXW,Air,0.0,No,ARV,Adult,CIPLA LIMITED,"Lamivudine/Nevirapine/Zidovudine 150/200/300mg, tablets, 60 Tabs",Lamivudine/Nevirapine/Zidovudine,Generic,150/300/200mg,Tablet - FDC,60.0,62219.0,520773.03,8.37,0.14,"Cipla, Goa, India",Yes,8297.0,60840.32,expensive,730.12,expensive
70236.0,Guatemala,PMO - US,Direct Drop,FCA,Air,0.0,No,ARV,Adult,Hoffmann-La Roche ltd Basel,"Saquinavir 500mg [Invirase], tablets, 120 Tabs",Saquinavir,Invirase,500mg,Tablet,120.0,175.0,41553.18,237.45,1.98,Roche Basel,Yes,31.0,566.56,reasonable,68.56,reasonable
80072.0,Vietnam,PMO - US,Direct Drop,EXW,Air,0.0,No,ARV,Adult,MICRO LABS LIMITED,"Lamivudine 150mg, tablets, 60 Tabs",Lamivudine,Generic,150mg,Tablet,60.0,34900.0,63169.0,1.81,0.03,"Micro labs, Verna, Goa, India",Yes,1588.0,11413.52,expensive,78.14,expensive
28210.0,Tanzania,PMO - US,Direct Drop,EXW,Air,0.0,No,ARV,Adult,Aurobindo Pharma Limited,"Efavirenz 600mg, tablets, 30 Tabs",Efavirenz,Generic,600mg,Tablet,30.0,64980.0,214434.0,3.3,0.11,"Aurobindo Unit III, India",Yes,5578.0,18826.62,expensive,300.64,expensive
19177.0,Cote d'Ivoire,PMO - US,Direct Drop,EXW,Air,0.0,No,HRDT,HIV test,"Orgenics, Ltd","HIV 1/2, Determine Complete HIV Kit, 100 Tests","HIV 1/2, Determine Complete HIV Kit",Determine,N/A,Test kit,100.0,4400.0,352000.0,80.0,0.8,"Alere Medical Co., Ltd.",Yes,1033.0,24728.57,expensive,435.42,expensive
52206.0,Haiti,PMO - US,Direct Drop,FCA,Air,0.0,No,ARV,Pediatric,ABBVIE LOGISTICS (FORMERLY ABBOTT LOGISTICS BV),"Lopinavir/Ritonavir 100/25mg [Aluvia], tablets, 60 Tabs",Lopinavir/Ritonavir,Generic,100/25mg,Tablet,60.0,300.0,2712.0,9.04,0.15,ABBVIE Ludwigshafen Germany,Yes,44.0,1075.54,reasonable,5.85,reasonable
64452.0,Haiti,PMO - US,Direct Drop,EXW,Air,0.0,No,ARV,Adult,HETERO LABS LIMITED,"Lamivudine/Stavudine 150/30mg, tablets, 60 Tabs",Lamivudine/Stavudine,Generic,150/30mg,Tablet - FDC,60.0,384.0,956.16,2.49,0.04,Hetero Unit III Hyderabad IN,Yes,30.0,1180.73,reasonable,1.18,reasonable
18155.0,Sudan,PMO - US,Direct Drop,EXW,Air,0.0,No,HRDT,HIV test,"Trinity Biotech, Plc","HIV 1/2, Uni-Gold HIV Kit, 20 Tests","HIV 1/2, Uni-Gold HIV Kit",Uni-Gold,N/A,Test kit,20.0,58.0,1856.0,32.0,1.6,"Trinity Biotech, Plc",Yes,19.0,594.51,reasonable,3.06,reasonable
58556.0,South Africa,PMO - US,Direct Drop,DDP,Ocean,0.0,No,ARV,Adult,Aurobindo Pharma Limited,"Efavirenz 600mg, tablets, 30 Tabs",Efavirenz,Generic,600mg,Tablet,30.0,70942.0,321367.26,4.53,0.15,"Aurobindo Unit III, India",Yes,6090.0,11203.81,expensive,692.87,expensive
60.0,Zambia,PMO - US,Direct Drop,CIP,Air,0.0,No,ARV,Adult,ABBVIE LOGISTICS (FORMERLY ABBOTT LOGISTICS BV),"Lopinavir/Ritonavir 200/50mg [Aluvia], tablets, 120 Tabs",Lopinavir/Ritonavir,Aluvia,200/50mg,Tablet,120.0,2800.0,115080.0,41.1,0.34,ABBVIE Ludwigshafen Germany,Yes,643.0,,,,expensive
3781.0,Botswana,PMO - US,Direct Drop,EXW,Air,0.0,No,HRDT,HIV test,Orasure Technologies Inc.,"HIV 1/2, OraQuick Advance HIV Rapid Antibody Kit, 100 Tests","HIV 1/2, OraQuick Advance HIV Rapid Antibody Kit",OraQuick,N/A,Test kit,100.0,20.0,7000.0,350.0,3.5,"Pacific Biotech, Thailand",Yes,48.0,684.42,reasonable,13.72,reasonable
44092.0,Guyana,PMO - US,Direct Drop,EXW,Air,0.0,No,HRDT,HIV test - Ancillary,"CHEMBIO DIAGNOSTIC SYSTEMS, INC.","HIV 1/2, Stat-Pak Buffer Only, 20 Tests","HIV 1/2, Stat-Pak Buffer Only",Stat-Pak,N/A,Test kit - Ancillary,1.0,40.0,100.0,2.5,2.5,Chembio Diagnostics Sys. Inc.,Yes,2.0,281.61,reasonable,0.16,reasonable
38662.0,Malawi,PMO - US,Direct Drop,EXW,Air,0.0,No,HRDT,HIV test,"Orgenics, Ltd","HIV 1/2, Determine Complete HIV Kit, 100 Tests","HIV 1/2, Determine Complete HIV Kit",Determine,N/A,Test kit,100.0,246.0,19680.0,80.0,0.8,"Alere Medical Co., Ltd.",Yes,114.0,3278.11,reasonable,27.59,reasonable
27049.0,Ghana,PMO - US,Direct Drop,EXW,Air,0.0,No,ARV,Adult,HETERO LABS LIMITED,"Lamivudine/Tenofovir Disoproxil Fumarate 300/300mg, tablets, 30 Tabs",Lamivudine/Tenofovir Disoproxil Fumarate,Generic,300/300mg,Tablet - FDC,30.0,17447.0,80605.14,4.62,0.15,Hetero Unit III Hyderabad IN,Yes,1825.0,10790.63,expensive,82.86,expensive
29880.0,Vietnam,PMO - US,Direct Drop,EXW,Air,0.0,No,ARV,Adult,HETERO LABS LIMITED,"Lamivudine 150mg, tablets, 60 Tabs",Lamivudine,Generic,150mg,Tablet,60.0,15400.0,27720.0,1.8,0.03,Hetero Unit III Hyderabad IN,Yes,2486.0,3775.5,reasonable,32.63,reasonable
48640.0,Burundi,PMO - US,Direct Drop,EXW,Air,0.0,No,HRDT,HIV test,"CHEMBIO DIAGNOSTIC SYSTEMS, INC.","HIV 1/2, Stat-Pak Dipstick Assay Kit, 30 Tests","HIV 1/2, Stat-Pak Dipstick Assay Kit",Stat-Pak,N/A,Test kit,30.0,594.0,16394.4,27.6,0.92,Chembio Diagnostics Sys. Inc.,Yes,63.0,877.52,reasonable,19.3,reasonable
68846.0,Uganda,PMO - US,Direct Drop,EXW,Air,0.0,No,ARV,Adult,ASPEN PHARMACARE,"Darunavir 300mg [Prezista], tablets, 120 Tabs",Darunavir,Prezista,300mg,Tablet,120.0,112.0,10080.0,90.0,0.75,"Aspen-OSD, Port Elizabeth, SA",Yes,16.0,1000.94,reasonable,19.76,reasonable
26192.0,Vietnam,PMO - US,Direct Drop,EXW,Air,0.0,No,ARV,Adult,MYLAN LABORATORIES LTD (FORMERLY MATRIX LABORATORIES),"Efavirenz/Lamivudine/Tenofovir Disoproxil Fumarate 600/300/300mg, tablets, 30 Tabs",Efavirenz/Lamivudine/Tenofovir Disoproxil Fumarate,Generic,600/300/300mg,Tablet - FDC,30.0,18616.0,188952.4,10.15,0.34,Mylan (formerly Matrix) Nashik,Yes,2101.0,4384.01,reasonable,194.24,reasonable
52617.0,Rwanda,PMO - US,Direct Drop,EXW,Air,0.0,No,ARV,Adult,Aurobindo Pharma Limited,"Lamivudine/Tenofovir Disoproxil Fumarate 300/300mg, tablets, 30 Tabs",Lamivudine/Tenofovir Disoproxil Fumarate,Generic,300/300mg,Tablet - FDC,30.0,2800.0,14980.0,5.35,0.18,"Aurobindo Unit VII, IN",Yes,273.0,2964.49,reasonable,21.0,reasonable
7638.0,Tanzania,PMO - US,Direct Drop,FCA,Air,0.0,No,ARV,Adult,ABBVIE LOGISTICS (FORMERLY ABBOTT LOGISTICS BV),"Lopinavir/Ritonavir 200/50mg [Aluvia], tablets, 120 Tabs",Lopinavir/Ritonavir,Aluvia,200/50mg,Tablet,120.0,12560.0,516216.0,41.1,0.34,ABBVIE Ludwigshafen Germany,Yes,3073.0,12815.42,expensive,1011.78,expensive
18316.0,Zimbabwe,PMO - US,Direct Drop,EXW,Air,0.0,No,ARV,Pediatric,STRIDES ARCOLAB LIMITED,"Efavirenz 200mg, scored tablets, 90 Tabs",Efavirenz,Generic,200mg,Tablet,90.0,14164.0,131725.2,9.3,0.1,"Strides, Bangalore, India.",Yes,884.0,8280.73,expensive,135.41,expensive
391.0,Cote d'Ivoire,PMO - US,Direct Drop,EXW,Air,0.0,No,HRDT,HIV test,BIO-RAD LABORATORIES (FRANCE),"#108853** HIV, Genie II HIV-1/HIV-2 Kit, 40 Tests","HIV, Genie II HIV-1/HIV-2 Kit",Genie,N/A,Test kit,40.0,476.0,36176.0,76.0,1.9,Bio-Rad Laboratories,Yes,509.0,5446.51,expensive,57.88,expensive
2328.0,Haiti,PMO - US,Direct Drop,EXW,Air,0.0,No,HRDT,HIV test,"Orgenics, Ltd","HIV 1/2, Determine HIV Kit, without Lancets, 100 Tests","HIV 1/2, Determine HIV Kit, without Lancets",Determine,N/A,Test kit,100.0,1680.0,117600.0,70.0,0.7,Inverness Japan,Yes,382.0,3241.06,reasonable,230.5,reasonable
26250.0,Kenya,PMO - US,Direct Drop,EXW,Air,0.0,No,HRDT,HIV test,"Trinity Biotech, Plc","HIV 1/2, Uni-Gold HIV Kit, 20 Tests","HIV 1/2, Uni-Gold HIV Kit",Uni-Gold,N/A,Test kit,20.0,2000.0,64000.0,32.0,1.6,"Trinity Biotech, Plc",Yes,682.0,7258.89,expensive,125.44,expensive
64553.0,Rwanda,PMO - US,Direct Drop,EXW,Air,0.0,No,ARV,Adult,Aurobindo Pharma Limited,"Abacavir/Lamivudine 600/300mg, tablets, 30 Tabs",Abacavir/Lamivudine,Generic,600/300mg,Tablet - FDC,30.0,14000.0,203000.0,14.5,0.48,"Aurobindo Unit III, India",Yes,1428.0,9061.84,expensive,251.11,expensive
74465.0,Haiti,PMO - US,Direct Drop,FCA,Air,0.0,No,ARV,Pediatric,BRISTOL-MYERS SQUIBB,"Didanosine 50mg [Videx], chewable tablets, 60 Tabs",Didanosine,Videx,50mg,Chewable/dispersible tablet,60.0,200.0,1900.0,9.5,0.16,"BMS Meymac, France",Yes,94.0,757.42,reasonable,3.14,reasonable
1820.0,Haiti,PMO - US,Direct Drop,EXW,Air,0.0,No,HRDT,HIV test,"Orgenics, Ltd","HIV 1/2, Determine HIV Kit, without Lancets, 100 Tests","HIV 1/2, Determine HIV Kit, without Lancets",Determine,N/A,Test kit,100.0,1123.0,78610.0,70.0,0.7,Inverness Japan,Yes,257.0,2851.72,reasonable,154.08,reasonable
63537.0,Nigeria,PMO - US,Direct Drop,EXW,Air,0.0,No,HRDT,HIV test,"Orgenics, Ltd","HIV 1/2, Determine Complete HIV Kit, 100 Tests","HIV 1/2, Determine Complete HIV Kit",Determine,N/A,Test kit,100.0,6133.0,545837.0,89.0,0.89,"Alere Medical Co., Ltd.",Yes,2483.0,31306.65,expensive,561.12,expensive
29071.0,Vietnam,PMO - US,Direct Drop,EXW,Air,0.0,No,ARV,Adult,HETERO LABS LIMITED,"Lamivudine/Zidovudine 150/300mg, tablets, 60 Tabs",Lamivudine/Zidovudine,Generic,150/300mg,Tablet - FDC,60.0,17240.0,131886.0,7.65,0.13,Hetero Unit III Hyderabad IN,Yes,1496.0,2480.22,reasonable,184.9,reasonable
49907.0,Malawi,PMO - US,Direct Drop,EXW,Ocean,0.0,No,ARV,Adult,MYLAN LABORATORIES LTD (FORMERLY MATRIX LABORATORIES),"Efavirenz/Lamivudine/Tenofovir Disoproxil Fumarate 600/300/300mg, tablets, 30 Tabs",Efavirenz/Lamivudine/Tenofovir Disoproxil Fumarate,Generic,600/300/300mg,Tablet - FDC,30.0,60000.0,689400.0,11.49,0.38,Mylan (formerly Matrix) Nashik,Yes,6778.0,15020.21,expensive,852.79,expensive
46323.0,Ghana,PMO - US,Direct Drop,EXW,Air,0.0,No,ARV,Pediatric,Aurobindo Pharma Limited,"Nevirapine 10mg/ml, oral suspension, Bottle, 240 ml",Nevirapine,Generic,10mg/ml,Oral suspension,240.0,2286.0,3451.86,1.51,0.01,"Aurobindo Unit III, India",Yes,972.0,7719.0,expensive,3.55,expensive
40620.0,Mozambique,PMO - US,Direct Drop,EXW,Air,1.0,Yes,HRDT,HIV test,"Orgenics, Ltd","HIV 1/2, Determine HIV Kit, without Lancets, 100 Tests","HIV 1/2, Determine HIV Kit, without Lancets",Determine,N/A,Test kit,100.0,2591.0,201320.7,77.7,0.78,Inverness Japan,Yes,994.0,12838.85,expensive,332.18,expensive
4.0,Cote d'Ivoire,PMO - US,Direct Drop,FCA,Air,0.0,No,HRDT,HIV test,Abbott GmbH & Co. KG,"HIV 1/2, Determine Complete HIV Kit, 100 Tests","HIV 1/2, Determine Complete HIV Kit",Determine,N/A,Test kit,100.0,500.0,40000.0,80.0,0.8,ABBVIE GmbH & Co.KG Wiesbaden,Yes,171.0,1653.78,reasonable,,reasonable
37037.0,Zimbabwe,PMO - US,Direct Drop,EXW,Air Charter,0.0,No,ARV,Adult,HETERO LABS LIMITED,"Lamivudine/Tenofovir Disoproxil Fumarate 300/300mg, tablets, 30 Tabs",Lamivudine/Tenofovir Disoproxil Fumarate,Generic,300/300mg,Tablet - FDC,30.0,42336.0,195592.32,4.62,0.15,Hetero Unit III Hyderabad IN,Yes,4601.0,28788.73,expensive,201.07,expensive
56962.0,Mozambique,PMO - US,Direct Drop,EXW,Ocean,0.0,No,HRDT,HIV test,"Trinity Biotech, Plc","HIV 1/2, Uni-Gold HIV Kit, 20 Tests","HIV 1/2, Uni-Gold HIV Kit",Uni-Gold,N/A,Test kit,20.0,7400.0,236800.0,32.0,1.6,"Trinity Biotech, Plc",Yes,2471.0,33872.84,expensive,390.72,expensive
67057.0,Rwanda,PMO - US,Direct Drop,EXW,Air,0.0,No,HRDT,HIV test,"Orgenics, Ltd","HIV 1/2, Determine Complete HIV Kit, 100 Tests","HIV 1/2, Determine Complete HIV Kit",Determine,N/A,Test kit,100.0,1891.0,151280.0,80.0,0.8,"Alere Medical Co., Ltd.",Yes,766.0,14125.63,expensive,155.52,expensive
34028.0,Rwanda,PMO - US,Direct Drop,CIP,Air,0.0,No,ARV,Adult,HETERO LABS LIMITED,"Lamivudine 150mg, tablets, 60 Tabs",Lamivudine,Generic,150mg,Tablet,60.0,4500.0,11655.0,2.59,0.04,Hetero Unit III Hyderabad IN,Yes,277.0,1393.42,reasonable,22.84,reasonable
1283.0,Vietnam,PMO - US,Direct Drop,EXW,Air,0.0,No,ARV,Adult,STRIDES ARCOLAB LIMITED,"Stavudine 30mg, capsules, 60 Caps",Stavudine,Generic,30mg,Capsule,60.0,95500.0,144205.0,1.51,0.03,"Strides, Bangalore, India.",Yes,9170.0,42453.21,expensive,,expensive
34459.0,Vietnam,PMO - US,Direct Drop,EXW,Air,0.0,No,ARV,Adult,HETERO LABS LIMITED,"Lamivudine/Zidovudine 150/300mg, tablets, 60 Tabs",Lamivudine/Zidovudine,Generic,150/300mg,Tablet - FDC,60.0,7760.0,59364.0,7.65,0.13,Hetero Unit III Hyderabad IN,Yes,675.0,1587.92,reasonable,83.23,reasonable
75703.0,Tanzania,PMO - US,Direct Drop,EXW,Air,0.0,No,HRDT,HIV test,"Trinity Biotech, Plc","HIV 1/2, Uni-Gold HIV Kit, 20 Tests","HIV 1/2, Uni-Gold HIV Kit",Uni-Gold,N/A,Test kit,20.0,168.0,5376.0,32.0,1.6,"Trinity Biotech, Plc",Yes,55.0,1112.11,reasonable,5.53,reasonable
72922.0,Tanzania,PMO - US,Direct Drop,EXW,Air,0.0,No,HRDT,HIV test,"Standard Diagnostics, Inc.","HIV 1/2, Determine Complete HIV Kit, 100 Tests","HIV 1/2, Determine Complete HIV Kit",Determine,N/A,Test kit,100.0,3781.0,0.0,0.0,0.0,"Alere Medical Co., Ltd.",Yes,1642.0,25778.9,expensive,0.0,expensive
56057.0,Nigeria,PMO - US,Direct Drop,EXW,Air,0.0,No,HRDT,HIV test,"Orgenics, Ltd","HIV 1/2, Determine Complete HIV Kit, 100 Tests","HIV 1/2, Determine Complete HIV Kit",Determine,N/A,Test kit,100.0,6388.0,568532.0,89.0,0.89,"Alere Medical Co., Ltd.",Yes,2590.0,,,669.16,expensive
52704.0,Uganda,PMO - US,Direct Drop,EXW,Air,0.0,No,ARV,Pediatric,EMCURE PHARMACEUTICALS LTD,"Atazanavir 150mg, capsules, 60 Caps",Atazanavir,Generic,150mg,Capsule,60.0,384.0,10018.56,26.09,0.43,"Emcure Plot No.P-2, I.T-B.T. Park, Phase II, MIDC, Hinjwadi, Pune, India",Yes,40.0,990.07,reasonable,19.64,reasonable
39606.0,Mozambique,PMO - US,Direct Drop,EXW,Air,0.0,No,HRDT,HIV test,"Trinity Biotech, Plc","HIV 1/2, Uni-Gold HIV Kit, 20 Tests","HIV 1/2, Uni-Gold HIV Kit",Uni-Gold,N/A,Test kit,20.0,2360.0,75520.0,32.0,1.6,"Trinity Biotech, Plc",Yes,1636.0,21087.7,expensive,162.82,expensive
76069.0,"Congo, DRC",PMO - US,Direct Drop,EXW,Air,0.0,No,HRDT,HIV test,"Trinity Biotech, Plc","HIV 1/2, Uni-Gold HIV Kit, 20 Tests","HIV 1/2, Uni-Gold HIV Kit",Uni-Gold,N/A,Test kit,20.0,469.0,15008.0,32.0,1.6,"Trinity Biotech, Plc",Yes,170.0,3125.65,reasonable,18.56,reasonable
17944.0,South Africa,PMO - US,Direct Drop,DDP,Air,1.0,Yes,ARV,Adult,CIPLA LIMITED,"Tenofovir Disoproxil Fumarate 300mg, tablets, 30 Tabs",Tenofovir Disoproxil Fumarate,Generic,300mg,Tablet,30.0,47625.0,372427.5,7.82,0.26,"Cipla, Goa, India",Yes,3243.0,1881.24,reasonable,802.95,reasonable
27942.0,Angola,PMO - US,Direct Drop,FCA,Air,0.0,No,ARV,Pediatric,ABBVIE LOGISTICS (FORMERLY ABBOTT LOGISTICS BV),"Lopinavir/Ritonavir 80/20mg/ml [Kaletra], oral solution, cool, Bottle 5 x 60 ml",Lopinavir/Ritonavir,Kaletra,80/20mg/ml,Oral solution,300.0,480.0,14793.6,30.82,0.1,ABBVIE (Abbott) Logis. UK,Yes,492.0,4281.43,reasonable,18.3,reasonable
39589.0,Haiti,PMO - US,Direct Drop,EXW,Air,0.0,No,ARV,Adult,CIPLA LIMITED,"Lamivudine/Tenofovir Disoproxil Fumarate 300/300mg, tablets, 30 Tabs",Lamivudine/Tenofovir Disoproxil Fumarate,Generic,300/300mg,Tablet - FDC,30.0,8806.0,40419.54,4.59,0.15,"Cipla, Kurkumbh, India",Yes,979.0,6161.47,expensive,41.55,expensive
75751.0,Vietnam,PMO - US,Direct Drop,EXW,Air,0.0,No,ARV,Adult,Aurobindo Pharma Limited,"Zidovudine 300mg, tablets, 60 Tabs",Zidovudine,Generic,300mg,Tablet,60.0,336.0,2436.0,7.25,0.12,"Aurobindo Unit III, India",Yes,19.0,8495.83,expensive,5.25,expensive
67703.0,Cote d'Ivoire,PMO - US,Direct Drop,FCA,Air,0.0,No,ARV,Adult,ABBVIE LOGISTICS (FORMERLY ABBOTT LOGISTICS BV),"Ritonavir 100mg [Norvir], film coated tablets, 60 Tabs",Ritonavir,Norvir,100mg,Tablet,60.0,3000.0,20550.0,6.85,0.11,ABBVIE Ludwigshafen Germany,Yes,385.0,3765.28,reasonable,21.13,reasonable
66307.0,Vietnam,PMO - US,Direct Drop,EXW,Air,0.0,No,ARV,Adult,MYLAN LABORATORIES LTD (FORMERLY MATRIX LABORATORIES),"Efavirenz/Lamivudine/Tenofovir Disoproxil Fumarate 600/300/300mg, tablets, 30 Tabs",Efavirenz/Lamivudine/Tenofovir Disoproxil Fumarate,Generic,600/300/300mg,Tablet - FDC,30.0,32673.0,375412.77,11.49,0.38,Mylan (formerly Matrix) Nashik,Yes,3425.0,11077.85,expensive,464.39,expensive
21706.0,Cameroon,PMO - US,Direct Drop,EXW,Air,0.0,No,ARV,Adult,CIPLA LIMITED,"Lamivudine/Zidovudine 150/300mg, tablets, 60 Tabs",Lamivudine/Zidovudine,Generic,150/300mg,Tablet - FDC,60.0,47268.0,311496.12,6.59,0.11,"Cipla, Goa, India",Yes,4549.0,36166.79,expensive,385.32,expensive
48741.0,Cote d'Ivoire,PMO - US,Direct Drop,EXW,Air,0.0,No,ARV,Pediatric,CIPLA LIMITED,"Nevirapine 50mg, dispersible tablets, 60 Tabs",Nevirapine,Generic,50mg,Chewable/dispersible tablet,60.0,3900.0,7215.0,1.85,0.03,"Cipla, Patalganga, India",Yes,321.0,3740.01,reasonable,7.42,reasonable
2502.0,Kenya,PMO - US,Direct Drop,EXW,Air,0.0,No,HRDT,HIV test,"Trinity Biotech, Plc","HIV 1/2, Uni-Gold HIV Kit, 20 Tests","HIV 1/2, Uni-Gold HIV Kit",Uni-Gold,N/A,Test kit,20.0,5.0,160.0,32.0,1.6,"Trinity Biotech, Plc",Yes,2.0,12561.4,expensive,0.31,expensive
9933.0,Ethiopia,PMO - US,Direct Drop,EXW,Air,0.0,No,HRDT,HIV test,"SHANGHAI KEHUA BIOENGINEERING CO.,LTD.  (KHB)","HIV 1/2, SKB Colloidal Gold, Diagnostic Kit, Antibody, 50 Tests","HIV 1/2, Colloidal Gold, Diagnostic Kit, Antibody",Colloidal Gold,N/A,Test kit,1.0,6998.0,160954.0,23.0,23.0,"KHB Test Kit Facility, Shanghai China",Yes,5056.0,44360.44,expensive,315.47,expensive
29479.0,Vietnam,PMO - US,Direct Drop,EXW,Air,0.0,No,ARV,Adult,MYLAN LABORATORIES LTD (FORMERLY MATRIX LABORATORIES),"Abacavir 300mg, tablets, 60 Tabs",Abacavir,Generic,300mg,Tablet,60.0,900.0,9981.0,11.09,0.18,Mylan (formerly Matrix) Nashik,Yes,100.0,2504.65,reasonable,10.26,reasonable
61998.0,Ethiopia,PMO - US,Direct Drop,EXW,Air,0.0,No,HRDT,HIV test,"CHEMBIO DIAGNOSTIC SYSTEMS, INC.","HIV 1/2, Stat-Pak HIV, Kit, 20 Tests","HIV 1/2, Stat-Pak HIV, Kit",Stat-Pak,N/A,Test kit,20.0,340.0,9860.0,29.0,1.45,Chembio Diagnostics Sys. Inc.,Yes,128.0,810.96,reasonable,13.82,reasonable
38045.0,Haiti,PMO - US,Direct Drop,EXW,Air,0.0,No,ARV,Pediatric,Aurobindo Pharma Limited,"Nevirapine 50mg, dispersible tablets (tablets for oral suspension), 30 Tabs",Nevirapine,Generic,50mg,Chewable/dispersible tablet,30.0,2118.0,2647.5,1.25,0.04,"Aurobindo Unit III, India",Yes,134.0,1987.82,reasonable,2.72,reasonable
18980.0,Tanzania,PMO - US,Direct Drop,EXW,Air,0.0,No,HRDT,HIV test,"Orgenics, Ltd","HIV 1/2, Determine Complete HIV Kit, 100 Tests","HIV 1/2, Determine Complete HIV Kit",Determine,N/A,Test kit,100.0,336.0,26880.0,80.0,0.8,"Alere Medical Co., Ltd.",Yes,139.0,2234.96,reasonable,27.63,reasonable
72981.0,South Africa,PMO - US,Direct Drop,DDP,Ocean,1.0,Yes,ARV,Adult,EMCURE PHARMACEUTICALS LTD,"Efavirenz 600mg, tablets, 30 Tabs",Efavirenz,Generic,600mg,Tablet,30.0,47963.0,206240.9,4.3,0.14,"Emcure Plot No.P-2, I.T-B.T. Park, Phase II, MIDC, Hinjwadi, Pune, India",Yes,3789.0,9582.55,expensive,340.3,expensive
63939.0,Cote d'Ivoire,PMO - US,Direct Drop,EXW,Air,0.0,No,HRDT,HIV test,"CHEMBIO DIAGNOSTIC SYSTEMS, INC.","HIV 1/2, Stat-Pak HIV, Kit, 20 Tests","HIV 1/2, Stat-Pak HIV, Kit",Stat-Pak,N/A,Test kit,20.0,167.0,4843.0,29.0,1.45,Chembio Diagnostics Sys. Inc.,Yes,50.0,1128.74,reasonable,7.99,reasonable
39556.0,Namibia,PMO - US,Direct Drop,EXW,Air,0.0,No,HRDT,HIV test,"Trinity Biotech, Plc","HIV 1/2, Uni-Gold HIV Kit, 20 Tests","HIV 1/2, Uni-Gold HIV Kit",Uni-Gold,N/A,Test kit,20.0,750.0,24000.0,32.0,1.6,"Trinity Biotech, Plc",Yes,248.0,6654.24,expensive,39.6,expensive
19344.0,Guyana,PMO - US,Direct Drop,EXW,Air,0.0,No,ARV,Pediatric,CIPLA LIMITED,"Lamivudine/Nevirapine/Stavudine 60/100/12mg, dispersible tablets, 60 Tabs",Lamivudine/Nevirapine/Stavudine,Generic,60/100/12mg,Chewable/dispersible tablet - FDC,60.0,90.0,387.0,4.3,0.07,"Cipla, Goa, India",Yes,9.0,541.88,reasonable,0.83,reasonable
39647.0,Vietnam,PMO - US,Direct Drop,EXW,Air,0.0,No,ARV,Adult,Aurobindo Pharma Limited,"Lamivudine/Nevirapine/Zidovudine 150/200/300mg, tablets, 60 Tabs",Lamivudine/Nevirapine/Zidovudine,Generic,150/300/200mg,Tablet - FDC,60.0,20000.0,219000.0,10.95,0.18,"Aurobindo Unit III, India",Yes,2675.0,9656.19,expensive,361.35,expensive
77293.0,South Africa,PMO - US,Direct Drop,DDP,Air,0.0,No,ARV,Pediatric,Aurobindo Pharma Limited,"Nevirapine 10mg/ml, oral suspension w/syringe, Bottle, 240 ml",Nevirapine,Generic,10mg/ml,Oral suspension,240.0,10000.0,31500.0,3.15,0.01,"Aurobindo Unit III, India",Yes,3869.0,4088.43,reasonable,67.91,reasonable
42334.0,Sudan,PMO - US,Direct Drop,EXW,Air,0.0,No,HRDT,HIV test,"Standard Diagnostics, Inc.","HIV 1/2, Bioline 3.0 Kit, Lancets, Capillary pipets, Alcohol swabs included, 25 Tests","HIV 1/2, Bioline 3.0 Kit, Lancets, Capillary pipets, Alcohol swabs included",Bioline,N/A,Test kit,25.0,60.0,1200.0,20.0,0.8,"Standard Diagnostics, Korea",Yes,353.0,3843.25,reasonable,2.59,reasonable
34718.0,Cote d'Ivoire,PMO - US,Direct Drop,FCA,Air,0.0,No,ARV,Pediatric,LAWRENCE LABORATORIES (SUBSIDIARY OF BRISTOL MYERS SQUIBB),"Didanosine 25mg [Videx], chewable tablets, 60 Tabs",Didanosine,Videx,25mg,Chewable/dispersible tablet,60.0,1515.0,10605.0,7.0,0.12,Bristol-Myers Squibb Anagni IT,Yes,338.0,2864.63,reasonable,10.9,reasonable
72776.0,Guyana,PMO - US,Direct Drop,EXW,Air,0.0,No,HRDT,HIV test,"Trinity Biotech, Plc","HIV 1/2, Uni-Gold HIV Kit, 20 Tests","HIV 1/2, Uni-Gold HIV Kit",Uni-Gold,N/A,Test kit,20.0,1975.0,63200.0,32.0,1.6,"Trinity Biotech, Plc",Yes,659.0,9106.51,expensive,104.28,expensive
28617.0,Cote d'Ivoire,PMO - US,Direct Drop,EXW,Air,0.0,No,HRDT,HIV test,"Orgenics, Ltd","HIV 1/2, Determine Complete HIV Kit, 100 Tests","HIV 1/2, Determine Complete HIV Kit",Determine,N/A,Test kit,100.0,1384.0,110720.0,80.0,0.8,"Alere Medical Co., Ltd.",Yes,661.0,13740.74,expensive,182.69,expensive
37157.0,Mozambique,PMO - US,Direct Drop,EXW,Air,0.0,No,HRDT,HIV test,"Orgenics, Ltd","HIV 1/2, Determine Complete HIV Kit, 100 Tests","HIV 1/2, Determine Complete HIV Kit",Determine,N/A,Test kit,100.0,120.0,9600.0,80.0,0.8,Inverness Japan,Yes,55.0,3267.66,reasonable,15.84,reasonable
54676.0,South Africa,PMO - US,Direct Drop,DDP,Air,0.0,No,ARV,Adult,Aurobindo Pharma Limited,"Lamivudine 150mg, tablets, 60 Tabs",Lamivudine,Generic,150mg,Tablet,60.0,67120.0,169813.6,2.53,0.04,"Aurobindo Unit III, India",Yes,3230.0,4116.81,reasonable,366.12,reasonable
39242.0,Kenya,PMO - US,Direct Drop,EXW,Air,0.0,No,HRDT,HIV test,"Orgenics, Ltd","HIV 1/2, Determine Complete HIV Kit, 100 Tests","HIV 1/2, Determine Complete HIV Kit",Determine,N/A,Test kit,100.0,3.0,240.0,80.0,0.8,Inverness Japan,Yes,1411.0,13150.21,expensive,0.52,expensive
21557.0,Zimbabwe,PMO - US,Direct Drop,FCA,Air,0.0,No,ARV,Pediatric,ABBVIE LOGISTICS (FORMERLY ABBOTT LOGISTICS BV),"Lopinavir/Ritonavir 80/20mg/ml [Kaletra], oral solution, cool, Bottle 5 x 60 ml",Lopinavir/Ritonavir,Kaletra,80/20mg/ml,Oral solution,300.0,846.0,26073.72,30.82,0.1,ABBVIE (Abbott) Logis. UK,Yes,798.0,9299.26,expensive,36.56,expensive
46005.0,Rwanda,PMO - US,Direct Drop,CIP,Air,0.0,No,ARV,Pediatric,CIPLA LIMITED,"Lamivudine 10mg/ml, oral solution, Bottle, 240 ml",Lamivudine,Generic,10mg/ml,Oral solution,240.0,9565.0,18651.75,1.95,0.01,"Cipla, Goa, India",Yes,6490.0,3010.89,reasonable,26.15,reasonable
38308.0,Haiti,PMO - US,Direct Drop,EXW,Air,0.0,No,ARV,Pediatric,Aurobindo Pharma Limited,"Nevirapine 50mg, dispersible tablets (tablets for oral suspension), 30 Tabs",Nevirapine,Generic,50mg,Chewable/dispersible tablet,30.0,2303.0,2878.75,1.25,0.04,"Aurobindo Unit III, India",Yes,143.0,2251.42,reasonable,3.39,reasonable
57087.0,Uganda,PMO - US,Direct Drop,EXW,Air,0.0,No,ARV,Adult,MYLAN LABORATORIES LTD (FORMERLY MATRIX LABORATORIES),"Atazanavir/Ritonavir 300/100mg, tablets, 30 Tabs",Atazanavir/Ritonavir,Generic,300/100mg,Tablet,30.0,3115.0,62300.0,20.0,0.67,Mylan (formerly Matrix) Nashik,Yes,420.0,2335.73,reasonable,64.04,reasonable
67776.0,Vietnam,PMO - US,Direct Drop,EXW,Air,0.0,No,ARV,Adult,STRIDES ARCOLAB LIMITED,"Stavudine 30mg, capsules, 60 Caps",Stavudine,Generic,30mg,Capsule,60.0,672.0,940.8,1.4,0.02,"Strides, Bangalore, India.",Yes,32.0,1701.1,reasonable,2.03,reasonable
78329.0,Cote d'Ivoire,PMO - US,Direct Drop,EXW,Air,0.0,No,HRDT,HIV test,"CHEMBIO DIAGNOSTIC SYSTEMS, INC.","HIV 1/2, Stat-Pak HIV, Kit, 20 Tests","HIV 1/2, Stat-Pak HIV, Kit",Stat-Pak,N/A,Test kit,20.0,2424.0,70296.0,29.0,1.45,Chembio Diagnostics Sys. Inc.,Yes,621.0,7811.66,expensive,98.55,expensive
21843.0,South Africa,PMO - US,Direct Drop,DDP,Ocean,0.0,No,ARV,Adult,Aurobindo Pharma Limited,"Lamivudine/Zidovudine 150/300mg, tablets, 60 Tabs",Lamivudine/Zidovudine,Generic,150/300mg,Tablet - FDC,60.0,50000.0,421000.0,8.42,0.14,"Aurobindo Unit III, India",Yes,4603.0,8033.13,expensive,694.65,expensive
23939.0,South Africa,PMO - US,Direct Drop,DDP,Ocean,0.0,No,ARV,Adult,Aurobindo Pharma Limited,"Efavirenz 600mg, tablets, 30 Tabs",Efavirenz,Generic,600mg,Tablet,30.0,249500.0,1125245.0,4.51,0.15,"Aurobindo Unit III, India",Yes,21205.0,25129.15,expensive,1856.65,expensive
81909.0,Nigeria,PMO - US,Direct Drop,EXW,Air,0.0,No,HRDT,HIV test,"Orgenics, Ltd","HIV 1/2, Determine Complete HIV Kit, 100 Tests","HIV 1/2, Determine Complete HIV Kit",Determine,N/A,Test kit,100.0,3031.0,269759.0,89.0,0.89,"Alere Medical Co., Ltd.",Yes,1231.0,20705.23,expensive,333.69,expensive
63579.0,South Sudan,PMO - US,Direct Drop,EXW,Air,0.0,No,HRDT,HIV test,"Trinity Biotech, Plc","HIV 1/2, Uni-Gold HIV Kit, 20 Tests","HIV 1/2, Uni-Gold HIV Kit",Uni-Gold,N/A,Test kit,20.0,125.0,4000.0,32.0,1.6,"Trinity Biotech, Plc",Yes,41.0,1441.21,reasonable,4.95,reasonable
60811.0,Uganda,PMO - US,Direct Drop,FCA,Air,0.0,No,ARV,Adult,ABBVIE LOGISTICS (FORMERLY ABBOTT LOGISTICS BV),"Ritonavir 100mg [Norvir], capsules, cool, 4 x 84 Caps",Ritonavir,Norvir,100mg,Capsule,336.0,15.0,575.4,38.36,0.11,ABBVIE (Abbott) Logis. UK,Yes,53.0,708.2,reasonable,1.24,reasonable
7122.0,Vietnam,PMO - US,Direct Drop,EXW,Air,0.0,No,ARV,Adult,STRIDES ARCOLAB LIMITED,"Stavudine 30mg, capsules, 60 Caps",Stavudine,Generic,30mg,Capsule,60.0,9275.0,13448.75,1.45,0.02,"Strides, Bangalore, India.",Yes,432.0,7444.35,expensive,21.52,expensive
40373.0,Tanzania,PMO - US,Direct Drop,EXW,Air,0.0,No,HRDT,HIV test,"Trinity Biotech, Plc","HIV 1/2, Uni-Gold HIV Kit, 20 Tests","HIV 1/2, Uni-Gold HIV Kit",Uni-Gold,N/A,Test kit,20.0,30.0,960.0,32.0,1.6,"Trinity Biotech, Plc",Yes,10.0,910.73,reasonable,1.58,reasonable
72193.0,South Africa,PMO - US,Direct Drop,DDP,Ocean,0.0,No,ARV,Adult,Aurobindo Pharma Limited,"Efavirenz 600mg, tablets, 30 Tabs",Efavirenz,Generic,600mg,Tablet,30.0,64260.0,289812.6,4.51,0.15,"Aurobindo Unit III, India",Yes,5623.0,630.5,reasonable,624.84,reasonable
39933.0,Vietnam,PMO - US,Direct Drop,EXW,Air,0.0,No,ARV,Adult,MYLAN LABORATORIES LTD (FORMERLY MATRIX LABORATORIES),"Lamivudine/Zidovudine 150/300mg, tablets, 60 Tabs",Lamivudine/Zidovudine,Generic,150/300mg,Tablet - FDC,60.0,16800.0,109032.0,6.49,0.11,Mylan (formerly Matrix) Nashik,Yes,1456.0,2984.0,reasonable,112.08,reasonable
62403.0,"Congo, DRC",PMO - US,Direct Drop,EXW,Air,0.0,No,HRDT,HIV test - Ancillary,"Orgenics, Ltd","Chase Buffer, Determine, 100 Tests, 2.5ml x 1 Vial","Chase Buffer, Determine, 100 Tests, 2.5ml x 1 Vial",Determine,N/A,Test kit - Ancillary,1.0,3511.0,17555.0,5.0,5.0,"Alere Medical Co., Ltd.",Yes,981.0,22892.07,expensive,21.72,expensive
58958.0,Tanzania,PMO - US,Direct Drop,FCA,Air,0.0,No,ARV,Pediatric,ABBVIE LOGISTICS (FORMERLY ABBOTT LOGISTICS BV),"Lopinavir/Ritonavir 80/20mg/ml [Kaletra], oral solution, cool, Bottle 5 x 60 ml",Lopinavir/Ritonavir,Kaletra,80/20mg/ml,Oral solution,300.0,68.0,2095.76,30.82,0.1,ABBVIE (Abbott) Logis. UK,Yes,116.0,1818.56,reasonable,2.94,reasonable
35678.0,"Congo, DRC",PMO - US,Direct Drop,EXW,Air,0.0,No,HRDT,HIV test,"Orgenics, Ltd","HIV 1/2, DoubleCheck Gold Kit, 20 Tests","HIV 1/2, DoubleCheck Gold Kit",DoubleCheck,N/A,Test kit,20.0,196.0,7157.92,36.52,1.83,"Alere Medical Co., Ltd.",Yes,47.0,4449.1,reasonable,10.04,reasonable
20432.0,South Africa,PMO - US,Direct Drop,DDP,Ocean,1.0,Yes,ARV,Adult,Aurobindo Pharma Limited,"Efavirenz 600mg, tablets, 30 Tabs",Efavirenz,Generic,600mg,Tablet,30.0,106589.0,480716.39,4.51,0.15,"Aurobindo Unit III, India",Yes,9061.0,9323.3,expensive,793.18,expensive
3050.0,Cote d'Ivoire,PMO - US,Direct Drop,EXW,Air,0.0,No,HRDT,HIV test,"Orgenics, Ltd","HIV 1/2, Determine HIV Kit, without Lancets, 100 Tests","HIV 1/2, Determine HIV Kit, without Lancets",Determine,N/A,Test kit,100.0,1116.0,78120.0,70.0,0.7,Inverness Japan,Yes,255.0,5303.05,expensive,124.99,expensive
34781.0,South Africa,PMO - US,Direct Drop,DDP,Ocean,0.0,No,ARV,Adult,Aurobindo Pharma Limited,"Tenofovir Disoproxil Fumarate 300mg, tablets, 30 Tabs",Tenofovir Disoproxil Fumarate,Generic,300mg,Tablet,30.0,54245.0,360729.25,6.65,0.22,"Aurobindo Unit III, India",Yes,5063.0,10748.74,expensive,595.2,expensive
140.0,Tanzania,PMO - US,Direct Drop,EXW,Air,0.0,No,HRDT,HIV test,"Standard Diagnostics, Inc.","HIV 1/2, Bioline 3.0 Kit, Lancets, Capillary pipets, Alcohol swabs included, 25 Tests","HIV 1/2, Bioline 3.0 Kit, Lancets, Capillary pipets, Alcohol swabs included",Bioline,N/A,Test kit,25.0,10000.0,200000.0,20.0,0.8,"Standard Diagnostics, Korea",Yes,3335.0,28359.8,expensive,320.0,expensive
70230.0,Rwanda,PMO - US,Direct Drop,EXW,Air,0.0,No,HRDT,HIV test,"Orgenics, Ltd","HIV 1/2, Determine HIV Kit, without Lancets, 100 Tests","HIV 1/2, Determine HIV Kit, without Lancets",Determine,N/A,Test kit,100.0,5085.0,355950.0,70.0,0.7,Inverness Japan,Yes,1154.0,46723.42,expensive,697.66,expensive
1162.0,Cote d'Ivoire,PMO - US,Direct Drop,EXW,Air,0.0,No,HRDT,HIV test,BIO-RAD LABORATORIES (FRANCE),"#108853** HIV, Genie II HIV-1/HIV-2 Kit, 40 Tests","HIV, Genie II HIV-1/HIV-2 Kit",Genie,N/A,Test kit,40.0,1000.0,110000.0,110.0,2.75,Bio-Rad Laboratories,Yes,1101.0,8074.03,expensive,215.6,expensive
50901.0,Uganda,PMO - US,Direct Drop,EXW,Air,0.0,No,HRDT,HIV test,"Orgenics, Ltd","HIV 1/2, Determine Complete HIV Kit, 100 Tests","HIV 1/2, Determine Complete HIV Kit",Determine,N/A,Test kit,100.0,6000.0,480000.0,80.0,0.8,"Alere Medical Co., Ltd.",Yes,2432.0,23178.68,expensive,493.44,expensive
43390.0,South Africa,PMO - US,Direct Drop,DDP,Air,0.0,No,ARV,Pediatric,GLAXOSMITHKLINE EXPORT LIMITED,"Abacavir 20mg/ml [Ziagen], oral solution, Bottle, 240 ml",Abacavir,Ziagen,20mg/ml,Oral solution,240.0,60000.0,601200.0,10.02,0.04,GSK Mississauga (Canada),Yes,22956.0,27372.24,expensive,991.98,expensive
69925.0,Kenya,PMO - US,Direct Drop,EXW,Air,0.0,No,HRDT,HIV test,"Standard Diagnostics, Inc.","HIV 1/2, Bioline 3.0 Kit, Lancets, Capillary pipets, Alcohol swabs included, 25 Tests","HIV 1/2, Bioline 3.0 Kit, Lancets, Capillary pipets, Alcohol swabs included",Bioline,N/A,Test kit,25.0,15304.0,306080.0,20.0,0.8,"Standard Diagnostics, Korea",Yes,5102.0,33718.08,expensive,505.03,expensive
21752.0,Vietnam,PMO - US,Direct Drop,EXW,Air,0.0,No,ARV,Adult,Aurobindo Pharma Limited,"Didanosine 250mg, delayed-release capsules, 30 Caps",Didanosine,Generic,250mg,Delayed-release capsules,30.0,252.0,3276.0,13.0,0.43,"Aurobindo Unit III, India",Yes,1553.0,13320.8,expensive,7.06,expensive
17717.0,Guyana,PMO - US,Direct Drop,EXW,Air,0.0,No,ARV,Adult,HETERO LABS LIMITED,"Emtricitabine/Tenofovir Disoproxil Fumarate 200/300mg, tablets, 30 Tabs",Emtricitabine/Tenofovir Disoproxil Fumarate,Generic,200/300mg,Tablet - FDC,30.0,3715.0,20766.85,5.59,0.19,Hetero Unit III Hyderabad IN,Yes,385.0,3248.6,reasonable,24.44,reasonable
15772.0,Vietnam,PMO - US,Direct Drop,EXW,Air,0.0,No,ARV,Adult,Aurobindo Pharma Limited,"Lamivudine/Nevirapine/Zidovudine 150/200/300mg, tablets, 60 Tabs",Lamivudine/Nevirapine/Zidovudine,Generic,150/300/200mg,Tablet - FDC,60.0,30000.0,313500.0,10.45,0.17,"Aurobindo Unit III, India",Yes,10210.0,17392.05,expensive,517.28,expensive
15813.0,Mozambique,PMO - US,Direct Drop,EXW,Air,0.0,No,ARV,Adult,HETERO LABS LIMITED,"Lamivudine/Nevirapine/Zidovudine 150/200/300mg, tablets, 60 Tabs",Lamivudine/Nevirapine/Zidovudine,Generic,150/300/200mg,Tablet - FDC,60.0,23040.0,186854.4,8.11,0.14,Hetero Unit III Hyderabad IN,Yes,3138.0,16537.12,expensive,192.09,expensive
67191.0,Uganda,PMO - US,Direct Drop,FCA,Air,0.0,No,ARV,Adult,ABBVIE LOGISTICS (FORMERLY ABBOTT LOGISTICS BV),"Ritonavir 100mg [Norvir], capsules, cool, 4 x 84 Caps",Ritonavir,Norvir,100mg,Capsule,336.0,44.0,1687.84,38.36,0.11,ABBVIE (Abbott) Logis. UK,Yes,116.0,985.78,reasonable,3.31,reasonable
19512.0,Vietnam,PMO - US,Direct Drop,EXW,Air,0.0,No,ARV,Adult,MYLAN LABORATORIES LTD (FORMERLY MATRIX LABORATORIES),"Efavirenz/Lamivudine/Tenofovir Disoproxil Fumarate 600/300/300mg, tablets, 30 Tabs",Efavirenz/Lamivudine/Tenofovir Disoproxil Fumarate,Generic,600/300/300mg,Tablet - FDC,30.0,5451.0,76859.1,14.1,0.47,Mylan (formerly Matrix) Nashik,Yes,1675.0,3401.49,reasonable,126.82,reasonable
8737.0,Namibia,PMO - US,Direct Drop,EXW,Air,0.0,No,HRDT,HIV test,"Trinity Biotech, Plc","HIV 1/2, Uni-Gold HIV Kit, 20 Tests","HIV 1/2, Uni-Gold HIV Kit",Uni-Gold,N/A,Test kit,20.0,650.0,20800.0,32.0,1.6,"Trinity Biotech, Plc",Yes,278.0,7936.81,expensive,40.77,expensive
5364.0,Cote d'Ivoire,PMO - US,Direct Drop,CIP,Air,0.0,No,ARV,Pediatric,BRISTOL-MYERS SQUIBB,"Didanosine 50mg [Videx], chewable tablets, 60 Tabs",Didanosine,Videx,50mg,Chewable/dispersible tablet,60.0,1577.0,14981.5,9.5,0.16,"BMS Meymac, France",Yes,309.0,,,23.97,expensive
56996.0,Zimbabwe,PMO - US,Direct Drop,EXW,Air,1.0,Yes,HRDT,HIV test,"Orgenics, Ltd","HIV 1/2, Determine Complete HIV Kit, 100 Tests","HIV 1/2, Determine Complete HIV Kit",Determine,N/A,Test kit,100.0,2450.0,176400.0,72.0,0.72,Inverness Japan,Yes,1183.0,21170.3,expensive,380.32,expensive
32892.0,Mozambique,PMO - US,Direct Drop,EXW,Air,0.0,No,ARV,Adult,HETERO LABS LIMITED,"Lamivudine/Nevirapine/Zidovudine 150/200/300mg, tablets, 60 Tabs",Lamivudine/Nevirapine/Zidovudine,Generic,150/300/200mg,Tablet - FDC,60.0,33216.0,269381.76,8.11,0.14,Hetero Unit III Hyderabad IN,Yes,4516.0,16537.11,expensive,276.92,expensive
42275.0,Guyana,PMO - US,Direct Drop,EXW,Air,0.0,No,HRDT,HIV test,"Orgenics, Ltd","HIV 1/2, Determine Complete HIV Kit, 100 Tests","HIV 1/2, Determine Complete HIV Kit",Determine,N/A,Test kit,100.0,507.0,36504.0,72.0,0.72,Inverness Japan,Yes,67.0,4400.85,reasonable,71.55,reasonable
76517.0,Vietnam,PMO - US,Direct Drop,EXW,Air,0.0,No,ARV,Adult,MYLAN LABORATORIES LTD (FORMERLY MATRIX LABORATORIES),"Lamivudine/Nevirapine/Zidovudine 150/200/300mg, tablets, 60 Tabs",Lamivudine/Nevirapine/Zidovudine,Generic,150/300/200mg,Tablet - FDC,60.0,42000.0,461580.0,10.99,0.18,Mylan (formerly Matrix) Nashik,Yes,5941.0,19632.73,expensive,761.61,expensive
73918.0,Zimbabwe,PMO - US,Direct Drop,EXW,Air,0.0,No,HRDT,HIV test,"Orgenics, Ltd","HIV 1/2, Determine Complete HIV Kit, 100 Tests","HIV 1/2, Determine Complete HIV Kit",Determine,N/A,Test kit,100.0,2499.0,199920.0,80.0,0.8,Inverness Japan,Yes,1191.0,23808.37,expensive,329.87,expensive
51016.0,Nigeria,PMO - US,Direct Drop,EXW,Air,0.0,No,HRDT,HIV test,"Orgenics, Ltd","HIV 1/2, Determine Complete HIV Kit, 100 Tests","HIV 1/2, Determine Complete HIV Kit",Determine,N/A,Test kit,100.0,6360.0,566040.0,89.0,0.89,"Alere Medical Co., Ltd.",Yes,2579.0,28759.53,expensive,666.23,expensive
41146.0,Zimbabwe,PMO - US,Direct Drop,EXW,Air,0.0,No,HRDT,HIV test,"Standard Diagnostics, Inc.","HIV 1/2, Bioline 3.0 Kit, Lancets, Capillary pipets, Alcohol swabs included, 25 Tests","HIV 1/2, Bioline 3.0 Kit, Lancets, Capillary pipets, Alcohol swabs included",Bioline,N/A,Test kit,25.0,2000.0,40000.0,20.0,0.8,"Standard Diagnostics, Korea",Yes,624.0,4756.06,reasonable,78.4,reasonable
41399.0,Haiti,PMO - US,Direct Drop,EXW,Air,0.0,No,ARV,Adult,HETERO LABS LIMITED,"Tenofovir Disoproxil Fumarate 300mg, tablets, 30 Tabs",Tenofovir Disoproxil Fumarate,Generic,300mg,Tablet,30.0,384.0,1363.2,3.55,0.12,Hetero Unit III Hyderabad IN,Yes,42.0,2391.08,reasonable,1.4,reasonable
19431.0,Cote d'Ivoire,PMO - US,Direct Drop,EXW,Air,0.0,No,HRDT,HIV test,"Standard Diagnostics, Inc.","HIV 1/2, Bioline 3.0 Kit, Lancets, Capillary pipets, Alcohol swabs included, 25 Tests","HIV 1/2, Bioline 3.0 Kit, Lancets, Capillary pipets, Alcohol swabs included",Bioline,N/A,Test kit,25.0,1400.0,28700.0,20.5,0.82,"Standard Diagnostics, Korea",Yes,437.0,5924.89,expensive,29.5,expensive
80217.0,South Africa,PMO - US,Direct Drop,DDP,Air,0.0,No,ARV,Pediatric,Aurobindo Pharma Limited,"Lamivudine 10mg/ml, oral solution w/syringe, Bottle, 240 ml",Lamivudine,Generic,10mg/ml,Oral solution,240.0,11644.0,34932.0,3.0,0.01,"Aurobindo Unit III, India",Yes,4442.0,3283.59,reasonable,75.31,reasonable
45729.0,South Africa,PMO - US,Direct Drop,DDP,Ocean,0.0,No,ARV,Adult,Aurobindo Pharma Limited,"Zidovudine 300mg, tablets, 60 Tabs",Zidovudine,Generic,300mg,Tablet,60.0,92887.0,678075.1,7.3,0.12,"Aurobindo Unit III, India",Yes,4810.0,6599.86,expensive,1118.82,expensive
14571.0,Nigeria,PMO - US,Direct Drop,EXW,Air,0.0,No,HRDT,HIV test,"Orgenics, Ltd","HIV 1/2, Determine Complete HIV Kit, 100 Tests","HIV 1/2, Determine Complete HIV Kit",Determine,N/A,Test kit,100.0,2744.0,244216.0,89.0,0.89,"Alere Medical Co., Ltd.",Yes,1303.0,28734.43,expensive,342.39,expensive
27026.0,South Africa,PMO - US,Direct Drop,DDP,Air,1.0,Yes,ARV,Adult,CIPLA LIMITED,"Tenofovir Disoproxil Fumarate 300mg, tablets, 30 Tabs",Tenofovir Disoproxil Fumarate,Generic,300mg,Tablet,30.0,2016.0,15765.12,7.82,0.26,"Cipla, Goa, India",Yes,136.0,1881.24,reasonable,33.99,reasonable
75729.0,Nigeria,PMO - US,Direct Drop,EXW,Air,0.0,No,HRDT,HIV test,"Orgenics, Ltd","HIV 1/2, Determine Complete HIV Kit, 100 Tests","HIV 1/2, Determine Complete HIV Kit",Determine,N/A,Test kit,100.0,2891.0,257299.0,89.0,0.89,Inverness Japan,Yes,1378.0,31201.82,expensive,424.54,expensive
3956.0,Vietnam,PMO - US,Direct Drop,FCA,Air,0.0,No,ARV,Adult,Hoffmann-La Roche ltd Basel,"Nelfinavir (as mesilate) 250mg [Viracept], tablets, 270 Tabs",Nelfinavir (as mesilate),Viracept,250mg,Tablet,270.0,200.0,32688.0,163.44,0.61,Roche Madrid,Yes,54.0,13981.96,expensive,,expensive
79803.0,Nigeria,PMO - US,Direct Drop,EXW,Air,1.0,Yes,HRDT,HIV test,"Orgenics, Ltd","HIV 1/2, Determine Complete HIV Kit, 100 Tests","HIV 1/2, Determine Complete HIV Kit",Determine,N/A,Test kit,100.0,5903.0,525367.0,89.0,0.89,"Alere Medical Co., Ltd.",Yes,3473.0,35117.35,expensive,540.08,expensive
13903.0,Tanzania,PMO - US,Direct Drop,EXW,Air,0.0,No,ARV,Pediatric,Aurobindo Pharma Limited,"Efavirenz 50mg, capsule, 30 Caps",Efavirenz,Generic,50mg,Capsule,30.0,5925.0,9243.0,1.56,0.05,"Aurobindo Unit III, India",Yes,394.0,3245.39,reasonable,11.43,reasonable
31750.0,Uganda,PMO - US,Direct Drop,CIP,Air,0.0,No,ARV,Adult,ASPEN PHARMACARE,"Darunavir 300mg [Prezista], tablets, 120 Tabs",Darunavir,Prezista,300mg,Tablet,120.0,807.0,53746.2,66.6,0.55,"Aspen-OSD, Port Elizabeth, SA",Yes,119.0,321.94,reasonable,55.25,reasonable
49498.0,Uganda,PMO - US,Direct Drop,CIP,Air,0.0,No,ARV,Adult,MERCK SHARP & DOHME IDEA GMBH (FORMALLY MERCK SHARP & DOHME B.V.),"Raltegravir 400mg [Isentress], tablets, 60 Tabs",Raltegravir,Isentress,400mg,Tablet,60.0,390.0,21645.0,55.5,0.92,"MSD, Haarlem, NL",Yes,39.0,433.0,reasonable,30.35,reasonable
29274.0,Kenya,PMO - US,Direct Drop,EXW,Air,0.0,No,HRDT,HIV test,"Standard Diagnostics, Inc.","HIV 1/2, Bioline 3.0 Kit, (no accessories), 30 Tests","HIV 1/2, Bioline 3.0 Kit (no accessories)",Bioline,N/A,Test kit,30.0,12000.0,288000.0,24.0,0.8,"Standard Diagnostics, Korea",Yes,3733.0,29039.18,expensive,564.48,expensive
62516.0,Vietnam,PMO - US,Direct Drop,FCA,Air,0.0,No,ARV,Adult,ABBVIE LOGISTICS (FORMERLY ABBOTT LOGISTICS BV),"Lopinavir/Ritonavir 200/50mg [Aluvia], tablets, 120 Tabs",Lopinavir/Ritonavir,Aluvia,200/50mg,Tablet,120.0,7078.0,430483.96,60.82,0.51,ABBVIE Ludwigshafen Germany,Yes,1724.0,5248.47,expensive,603.54,expensive
53665.0,Cote d'Ivoire,PMO - US,Direct Drop,FCA,Air,0.0,No,ARV,Pediatric,ABBVIE LOGISTICS (FORMERLY ABBOTT LOGISTICS BV),"Lopinavir/Ritonavir 80/20mg/ml [Kaletra], oral solution, cool, Bottle 5 x 60 ml",Lopinavir/Ritonavir,Kaletra,80/20mg/ml,Oral solution,300.0,600.0,18492.0,30.82,0.1,ABBVIE (Abbott) Logis. UK,Yes,554.0,5848.39,expensive,19.01,expensive
63749.0,Nigeria,PMO - US,Direct Drop,EXW,Air,1.0,Yes,HRDT,HIV test,"Orgenics, Ltd","HIV 1/2, Determine Complete HIV Kit, 100 Tests","HIV 1/2, Determine Complete HIV Kit",Determine,N/A,Test kit,100.0,3040.0,270560.0,89.0,0.89,"Alere Medical Co., Ltd.",Yes,1235.0,13383.47,expensive,334.68,expensive
77113.0,Cote d'Ivoire,PMO - US,Direct Drop,EXW,Air,0.0,No,HRDT,HIV test,"CHEMBIO DIAGNOSTIC SYSTEMS, INC.","HIV 1/2, Stat-Pak HIV, Kit, 20 Tests","HIV 1/2, Stat-Pak HIV, Kit",Stat-Pak,N/A,Test kit,20.0,1230.0,38130.0,31.0,1.55,Chembio Diagnostics Sys. Inc.,Yes,357.0,5640.23,expensive,44.88,expensive
52049.0,Kenya,PMO - US,Direct Drop,EXW,Air,0.0,No,HRDT,HIV test,"Orgenics, Ltd","HIV 1/2, Determine Complete HIV Kit, 100 Tests","HIV 1/2, Determine Complete HIV Kit",Determine,N/A,Test kit,100.0,10000.0,890000.0,89.0,0.89,Inverness Japan,Yes,2951.0,31923.61,expensive,1468.5,expensive
74357.0,Kenya,PMO - US,Direct Drop,EXW,Air,1.0,Yes,HRDT,HIV test,"Orgenics, Ltd","HIV 1/2, Determine Complete HIV Kit, 100 Tests","HIV 1/2, Determine Complete HIV Kit",Determine,N/A,Test kit,100.0,6618.0,589002.0,89.0,0.89,"Alere Medical Co., Ltd.",Yes,1139.0,11827.07,expensive,825.78,expensive
22761.0,"Congo, DRC",PMO - US,Direct Drop,EXW,Air,0.0,No,ARV,Pediatric,Aurobindo Pharma Limited,"Didanosine 200mg, delayed-release capsules, 30 Caps",Didanosine,Generic,200mg,Delayed-release capsules,30.0,1100.0,12100.0,11.0,0.37,"Aurobindo Unit III, India",Yes,95.0,2453.16,reasonable,12.44,reasonable
49214.0,Rwanda,PMO - US,Direct Drop,CIP,Air,0.0,No,ARV,Adult,HETERO LABS LIMITED,"Nevirapine 200mg, tablets, 60 Tabs",Nevirapine,Generic,200mg,Tablet,60.0,60300.0,186327.0,3.09,0.05,Hetero Unit III Hyderabad IN,Yes,3539.0,16769.43,expensive,365.2,expensive
15.0,Vietnam,PMO - US,Direct Drop,EXW,Air,0.0,No,ARV,Adult,SUN PHARMACEUTICAL INDUSTRIES LTD (RANBAXY LABORATORIES LIMITED),"Lamivudine 150mg, tablets, 60 Tabs",Lamivudine,Generic,150mg,Tablet,60.0,31920.0,127360.8,3.99,0.07,"Ranbaxy, Paonta Shahib, India",Yes,1855.0,16007.06,expensive,,expensive
71840.0,Cote d'Ivoire,PMO - US,Direct Drop,EXW,Air,0.0,No,HRDT,HIV test,"CHEMBIO DIAGNOSTIC SYSTEMS, INC.","HIV 1/2, Stat-Pak HIV, Kit, 20 Tests","HIV 1/2, Stat-Pak HIV, Kit",Stat-Pak,N/A,Test kit,20.0,2120.0,65720.0,31.0,1.55,Chembio Diagnostics Sys. Inc.,Yes,610.0,8291.96,expensive,67.56,expensive
75229.0,Zambia,PMO - US,Direct Drop,EXW,Air,0.0,No,HRDT,HIV test,"Trinity Biotech, Plc","HIV 1/2, Uni-Gold HIV Kit, 20 Tests","HIV 1/2, Uni-Gold HIV Kit",Uni-Gold,N/A,Test kit,20.0,5000.0,160000.0,32.0,1.6,"Trinity Biotech, Plc",Yes,1647.0,20626.58,expensive,264.0,expensive
33962.0,Haiti,PMO - US,Direct Drop,CIP,Air,0.0,No,ARV,Pediatric,BRISTOL-MYERS SQUIBB,"Didanosine 25mg [Videx], chewable tablets, 60 Tabs",Didanosine,Videx,25mg,Chewable/dispersible tablet,60.0,120.0,840.0,7.0,0.12,"BMS Meymac, France",Yes,29.0,260.0,reasonable,1.65,reasonable
81132.0,Cote d'Ivoire,PMO - US,Direct Drop,FCA,Air,0.0,No,ARV,Pediatric,ABBVIE LOGISTICS (FORMERLY ABBOTT LOGISTICS BV),"Lopinavir/Ritonavir 80/20mg/ml [Kaletra], oral solution, cool, Bottle 5 x 60 ml",Lopinavir/Ritonavir,Kaletra,80/20mg/ml,Oral solution,300.0,320.0,9862.4,30.82,0.1,ABBVIE (Abbott) Logis. UK,Yes,326.0,3852.86,reasonable,12.2,reasonable
1693.0,Vietnam,PMO - US,Direct Drop,EXW,Air,0.0,No,ARV,Adult,MYLAN LABORATORIES LTD (FORMERLY MATRIX LABORATORIES),"Efavirenz 600mg, tablets, 30 Tabs",Efavirenz,Generic,600mg,Tablet,30.0,6720.0,77145.6,11.48,0.38,Mylan (formerly Matrix) Nashik,Yes,522.0,3796.05,reasonable,123.43,reasonable
36562.0,Mozambique,PMO - US,Direct Drop,FCA,Air,0.0,No,ARV,Adult,ABBVIE LOGISTICS (FORMERLY ABBOTT LOGISTICS BV),"Ritonavir 100mg [Norvir], film coated tablets, 30 Tabs",Ritonavir,Norvir,100mg,Tablet,30.0,2240.0,7683.2,3.43,0.11,ABBVIE Ludwigshafen Germany,Yes,216.0,2698.28,reasonable,16.56,reasonable
73326.0,South Africa,PMO - US,Direct Drop,DDP,Ocean,0.0,No,ARV,Pediatric,CIPLA LIMITED,"Lamivudine 10mg/ml, oral solution, Bottle, 240 ml",Lamivudine,Generic,10mg/ml,Oral solution,240.0,50000.0,103000.0,2.06,0.01,"Cipla, Goa, India",Yes,18462.0,22647.81,expensive,169.95,expensive
52341.0,Dominican Republic,PMO - US,Direct Drop,EXW,Air,0.0,No,HRDT,HIV test,"Trinity Biotech, Plc","HIV 1/2, Uni-Gold HIV Kit, 20 Tests","HIV 1/2, Uni-Gold HIV Kit",Uni-Gold,N/A,Test kit,20.0,412.0,13184.0,32.0,1.6,"Trinity Biotech, Plc",Yes,123.0,1375.8,reasonable,16.31,reasonable
80114.0,Zambia,PMO - US,Direct Drop,EXW,Air,0.0,No,HRDT,HIV test,"Trinity Biotech, Plc","HIV 1/2, Uni-Gold HIV Kit, 20 Tests","HIV 1/2, Uni-Gold HIV Kit",Uni-Gold,N/A,Test kit,20.0,7200.0,230400.0,32.0,1.6,"Trinity Biotech, Plc",Yes,2521.0,22460.87,expensive,496.74,expensive
25796.0,Vietnam,PMO - US,Direct Drop,EXW,Air,0.0,No,ARV,Adult,MYLAN LABORATORIES LTD (FORMERLY MATRIX LABORATORIES),"Lamivudine/Zidovudine 150/300mg, tablets, 60 Tabs",Lamivudine/Zidovudine,Generic,150/300mg,Tablet - FDC,60.0,23063.0,155675.25,6.75,0.11,Mylan (formerly Matrix) Nashik,Yes,1984.0,3225.12,reasonable,192.57,reasonable
81496.0,Vietnam,PMO - US,Direct Drop,EXW,Air,0.0,No,ARV,Adult,CIPLA LIMITED,"Lamivudine/Nevirapine/Zidovudine 150/200/300mg, tablets, 60 Tabs",Lamivudine/Nevirapine/Zidovudine,Generic,150/300/200mg,Tablet - FDC,60.0,6238.0,50527.8,8.1,0.13,"Cipla, Goa, India",Yes,866.0,1464.24,reasonable,62.5,reasonable
39208.0,Rwanda,PMO - US,Direct Drop,CIP,Air,0.0,No,ARV,Adult,EMCURE PHARMACEUTICALS LTD,"Efavirenz 600mg, tablets, 30 Tabs",Efavirenz,Generic,600mg,Tablet,30.0,31.0,185.69,5.99,0.2,"Emcure Plot No.P-2, I.T-B.T. Park, Phase II, MIDC, Hinjwadi, Pune, India",Yes,4.0,889.55,reasonable,0.36,reasonable
6932.0,Nigeria,PMO - US,Direct Drop,EXW,Air,0.0,No,HRDT,HIV test,"CHEMBIO DIAGNOSTIC SYSTEMS, INC.","HIV 1/2, Stat-Pak HIV, Kit, 20 Tests","HIV 1/2, Stat-Pak HIV, Kit",Stat-Pak,N/A,Test kit,20.0,9380.0,253260.0,27.0,1.35,Chembio Diagnostics Sys. Inc.,Yes,3058.0,18750.2,expensive,405.22,expensive
61009.0,South Africa,PMO - US,Direct Drop,DDP,Air,1.0,Yes,ARV,Pediatric,Aurobindo Pharma Limited,"Lamivudine 10mg/ml, oral solution w/syringe, Bottle, 240 ml",Lamivudine,Generic,10mg/ml,Oral solution,240.0,11640.0,34920.0,3.0,0.01,"Aurobindo Unit III, India",Yes,4440.0,3283.59,reasonable,75.29,reasonable
58211.0,Cote d'Ivoire,PMO - US,Direct Drop,EXW,Air,0.0,No,HRDT,HIV test,"Orgenics, Ltd","HIV 1/2, Determine HIV Kit, without Lancets, 100 Tests","HIV 1/2, Determine HIV Kit, without Lancets",Determine,N/A,Test kit,100.0,3500.0,245000.0,70.0,0.7,Inverness Japan,Yes,794.0,12619.38,expensive,528.22,expensive
58393.0,Liberia,PMO - US,Direct Drop,EXW,Air,0.0,No,HRDT,HIV test,"Standard Diagnostics, Inc.","HIV 1/2, Bioline 3.0 Kit, Lancets, Capillary pipets, Alcohol swabs included, 25 Tests","HIV 1/2, Bioline 3.0 Kit, Lancets, Capillary pipets, Alcohol swabs included",Bioline,N/A,Test kit,25.0,100.0,2000.0,20.0,0.8,"Standard Diagnostics, Korea",Yes,34.0,871.3,reasonable,3.3,reasonable
15738.0,Vietnam,PMO - US,Direct Drop,FCA,Air,0.0,No,ARV,Adult,ABBVIE LOGISTICS (FORMERLY ABBOTT LOGISTICS BV),"Ritonavir 100mg [Norvir], film coated tablets, 30 Tabs",Ritonavir,Norvir,100mg,Tablet,30.0,400.0,9304.0,23.26,0.78,ABBVIE Ludwigshafen Germany,Yes,40.0,642.45,reasonable,10.95,reasonable
30112.0,Zimbabwe,PMO - US,Direct Drop,FCA,Air,0.0,No,ARV,Pediatric,ABBVIE LOGISTICS (FORMERLY ABBOTT LOGISTICS BV),"Lopinavir/Ritonavir 80/20mg/ml [Kaletra], oral solution, cool, Bottle 5 x 60 ml",Lopinavir/Ritonavir,Kaletra,80/20mg/ml,Oral solution,300.0,2502.0,90472.32,36.16,0.12,ABBVIE (Abbott) Logis. UK,Yes,2364.0,16956.86,expensive,195.06,expensive
55862.0,Haiti,PMO - US,Direct Drop,EXW,Air,0.0,No,ARV,Pediatric,Aurobindo Pharma Limited,"Abacavir/Lamivudine 60/30mg, tablets, 60 Tabs",Abacavir/Lamivudine,Generic,60/30mg,Tablet - FDC,60.0,2516.0,11573.6,4.6,0.08,"Aurobindo Unit III, India",Yes,118.0,1442.83,reasonable,16.23,reasonable
45505.0,South Sudan,PMO - US,Direct Drop,EXW,Air,0.0,No,HRDT,HIV test,"Trinity Biotech, Plc","HIV 1/2, Uni-Gold HIV Kit, 20 Tests","HIV 1/2, Uni-Gold HIV Kit",Uni-Gold,N/A,Test kit,20.0,47.0,1504.0,32.0,1.6,"Trinity Biotech, Plc",Yes,15.0,870.22,reasonable,2.11,reasonable
62152.0,Cote d'Ivoire,PMO - US,Direct Drop,CIP,Air,0.0,No,ARV,Pediatric,BRISTOL-MYERS SQUIBB,"Didanosine 50mg [Videx], chewable tablets, 60 Tabs",Didanosine,Videx,50mg,Chewable/dispersible tablet,60.0,1887.0,17926.5,9.5,0.16,"BMS Meymac, France",Yes,312.0,781.5,reasonable,38.65,reasonable
63608.0,Kenya,PMO - US,Direct Drop,EXW,Air,0.0,No,HRDT,HIV test,"Trinity Biotech, Plc","HIV 1/2, Uni-Gold HIV Kit, 20 Tests","HIV 1/2, Uni-Gold HIV Kit",Uni-Gold,N/A,Test kit,20.0,20000.0,640000.0,32.0,1.6,"Trinity Biotech, Plc",Yes,6568.0,41300.11,expensive,897.28,expensive
46250.0,"Congo, DRC",PMO - US,Direct Drop,EXW,Air,0.0,No,ARV,Adult,MICRO LABS LIMITED,"Lamivudine 150mg, tablets, 60 Tabs",Lamivudine,Generic,150mg,Tablet,60.0,3974.0,6835.28,1.72,0.03,"Micro labs, Verna, Goa, India",Yes,209.0,3743.84,reasonable,7.03,reasonable
61783.0,Tanzania,PMO - US,Direct Drop,EXW,Ocean,0.0,No,ARV,Adult,MYLAN LABORATORIES LTD (FORMERLY MATRIX LABORATORIES),"Efavirenz/Emtricitabine/Tenofovir Disoproxil Fumarate 600/200/300mg, tablets, 30 Tabs",Efavirenz/Emtricitabine/Tenofovir Disoproxil Fumarate,Generic,600/200/300mg,Tablet - FDC,30.0,65763.0,821379.87,12.49,0.42,Mylan (formerly Matrix) Nashik,Yes,8182.0,7814.59,expensive,1016.05,expensive
20266.0,Uganda,PMO - US,Direct Drop,DDP,Air,0.0,No,ARV,Adult,ASPEN PHARMACARE,"Etravirine 100mg [Intelence], tablets, 120 Tabs",Etravirine,Intelence,100mg,Tablet,120.0,150.0,11250.0,75.0,0.62,"Janssen-Cilag, Latina, IT",Yes,49.0,475.0,reasonable,15.77,reasonable
6196.0,Cote d'Ivoire,PMO - US,Direct Drop,EXW,Air,0.0,No,ANTM,Malaria,IDA FOUNDATION,"Quinine 300mg (as sulfate), tablets, Blister 100 x 10 Tabs",Quinine (as sulfate),Generic,300mg,Tablet - blister,1000.0,12.0,629.88,52.49,0.05,"Medopharm Malur Factory, INDIA",Yes,12.0,536.78,reasonable,1.23,reasonable
68937.0,Uganda,PMO - US,Direct Drop,FCA,Air,0.0,No,ARV,Adult,ABBVIE LOGISTICS (FORMERLY ABBOTT LOGISTICS BV),"Ritonavir 100mg [Norvir], film coated tablets, 60 Tabs",Ritonavir,Norvir,100mg,Tablet,60.0,587.0,4020.95,6.85,0.11,ABBVIE Ludwigshafen Germany,Yes,85.0,1253.45,reasonable,4.97,reasonable
8459.0,Vietnam,PMO - US,Direct Drop,EXW,Air,0.0,No,ARV,Adult,CIPLA LIMITED,"Lamivudine/Nevirapine/Stavudine 150/200/30mg, tablets, 60 Tabs",Lamivudine/Nevirapine/Stavudine,Generic,150/200/30mg,Tablet - FDC,60.0,9792.0,72460.8,7.4,0.12,"Cipla, Goa, India",Yes,836.0,5136.08,expensive,115.94,expensive
3970.0,Rwanda,PMO - US,Direct Drop,EXW,Air,0.0,No,HRDT,HIV test,Premier Medical Corporation Ltd.,"HIV 1/2/O, First Response HIV 1-2.0, v.3.0 Cards Kit, 30 Tests","HIV 1/2/O, First Response HIV 1-2.0, v.3.0 Cards Kit",First Response,N/A,Test kit,30.0,2000.0,42000.0,21.0,0.7,Premier Med. Corp Ltd. India,Yes,600.0,5714.31,expensive,,expensive
9096.0,Kenya,PMO - US,Direct Drop,EXW,Air,0.0,No,HRDT,HIV test,"Standard Diagnostics, Inc.","HIV 1/2, Bioline 3.0 Kit, (no accessories), 30 Tests","HIV 1/2, Bioline 3.0 Kit (no accessories)",Bioline,N/A,Test kit,30.0,5000.0,120000.0,24.0,0.8,"Standard Diagnostics, Korea",Yes,1558.0,11653.64,expensive,235.2,expensive
36219.0,South Africa,PMO - US,Direct Drop,DDP,Ocean,0.0,No,ARV,Adult,Aurobindo Pharma Limited,"Zidovudine 300mg, tablets, 60 Tabs",Zidovudine,Generic,300mg,Tablet,60.0,100000.0,730000.0,7.3,0.12,"Aurobindo Unit III, India",Yes,5178.0,14621.3,expensive,1204.5,expensive
58555.0,Vietnam,PMO - US,Direct Drop,EXW,Air,0.0,No,ARV,Adult,STRIDES ARCOLAB LIMITED,"Lamivudine 150mg, tablets, 60 Tabs",Lamivudine,Generic,150mg,Tablet,60.0,16645.0,39115.75,2.35,0.04,"Strides, Bangalore, India.",Yes,742.0,5440.01,expensive,64.54,expensive
57590.0,Uganda,PMO - US,Direct Drop,EXW,Air,0.0,No,ARV,Adult,CIPLA LIMITED,"Lamivudine/Tenofovir Disoproxil Fumarate 300/300mg, tablets, 30 Tabs",Lamivudine/Tenofovir Disoproxil Fumarate,Generic,300/300mg,Tablet - FDC,30.0,40000.0,184000.0,4.6,0.15,"Cipla, Kurkumbh, India",Yes,4620.0,18550.93,expensive,227.61,expensive
40851.0,Cameroon,PMO - US,Direct Drop,EXW,Air,0.0,No,ARV,Adult,MYLAN LABORATORIES LTD (FORMERLY MATRIX LABORATORIES),"Zidovudine 300mg, tablets, 60 Tabs",Zidovudine,Generic,300mg,Tablet,60.0,5000.0,32500.0,6.5,0.11,Mylan (formerly Matrix) Nashik,Yes,294.0,4339.64,reasonable,40.2,reasonable
60359.0,Burundi,PMO - US,Direct Drop,EXW,Air,0.0,No,HRDT,HIV test,"CHEMBIO DIAGNOSTIC SYSTEMS, INC.","HIV 1/2, Stat-Pak Dipstick Assay Kit, 30 Tests","HIV 1/2, Stat-Pak Dipstick Assay Kit",Stat-Pak,N/A,Test kit,30.0,428.0,11812.8,27.6,0.92,Chembio Diagnostics Sys. Inc.,Yes,47.0,732.47,reasonable,14.61,reasonable
1295.0,Mozambique,PMO - US,Direct Drop,CIP,Air,0.0,No,ARV,Adult,ABBVIE LOGISTICS (FORMERLY ABBOTT LOGISTICS BV),"Lopinavir/Ritonavir 200/50mg [Aluvia], tablets, 120 Tabs",Lopinavir/Ritonavir,Aluvia,200/50mg,Tablet,120.0,80.0,3288.0,41.1,0.34,ABBSP,Yes,25.0,,,,expensive
53560.0,Nigeria,PMO - US,Direct Drop,EXW,Air,1.0,Yes,HRDT,HIV test,"Orgenics, Ltd","HIV 1/2, Determine Complete HIV Kit, 100 Tests","HIV 1/2, Determine Complete HIV Kit",Determine,N/A,Test kit,100.0,3038.0,270382.0,89.0,0.89,"Alere Medical Co., Ltd.",Yes,1234.0,21084.84,expensive,334.46,expensive
66967.0,South Africa,PMO - US,Direct Drop,DDP,Ocean,0.0,No,ARV,Adult,Aurobindo Pharma Limited,"Tenofovir Disoproxil Fumarate 300mg, tablets, 30 Tabs",Tenofovir Disoproxil Fumarate,Generic,300mg,Tablet,30.0,116857.0,777099.05,6.65,0.22,"Aurobindo Unit III, India",Yes,10907.0,7905.94,expensive,1675.43,expensive
63438.0,Tanzania,PMO - US,Direct Drop,EXW,Air,0.0,No,ARV,Adult,CIPLA LIMITED,"Lamivudine/Nevirapine/Zidovudine 150/200/300mg, tablets, 60 Tabs",Lamivudine/Nevirapine/Zidovudine,Generic,150/300/200mg,Tablet - FDC,60.0,80516.0,652179.6,8.1,0.13,"Cipla, Goa, India",Yes,11646.0,50445.73,expensive,806.75,expensive
40934.0,Vietnam,PMO - US,Direct Drop,FCA,Air,0.0,No,ARV,Adult,ABBVIE LOGISTICS (FORMERLY ABBOTT LOGISTICS BV),"Ritonavir 100mg [Norvir], film coated tablets, 30 Tabs",Ritonavir,Norvir,100mg,Tablet,30.0,71.0,1651.46,23.26,0.78,ABBVIE Ludwigshafen Germany,Yes,15.0,493.42,reasonable,2.04,reasonable
960.0,Vietnam,PMO - US,Direct Drop,EXW,Air,0.0,No,ARV,Adult,Aurobindo Pharma Limited,"Lamivudine/Zidovudine 150/300mg, tablets, 60 Tabs",Lamivudine/Zidovudine,Generic,150/300mg,Tablet - FDC,60.0,5964.0,51350.04,8.61,0.14,"Aurobindo Unit III, India",Yes,3509.0,12835.2,expensive,100.65,expensive
81483.0,Vietnam,PMO - US,Direct Drop,EXW,Air,0.0,No,ARV,Adult,CIPLA LIMITED,"Zidovudine 300mg, tablets, 60 Tabs",Zidovudine,Generic,300mg,Tablet,60.0,525.0,3465.0,6.6,0.11,"Cipla, Goa, India",Yes,34.0,807.47,reasonable,4.86,reasonable
41368.0,Haiti,PMO - US,Direct Drop,FCA,Air,0.0,No,ARV,Pediatric,ABBVIE LOGISTICS (FORMERLY ABBOTT LOGISTICS BV),"Lopinavir/Ritonavir 80/20mg/ml [Kaletra], oral solution, cool, Bottle 5 x 60 ml",Lopinavir/Ritonavir,Kaletra,80/20mg/ml,Oral solution,300.0,50.0,1808.0,36.16,0.12,ABBVIE (Abbott) Logis. UK,Yes,100.0,3806.01,reasonable,3.9,reasonable
18664.0,Vietnam,PMO - US,Direct Drop,EXW,Air,0.0,No,ARV,Adult,HETERO LABS LIMITED,"Abacavir 300mg, tablets, 60 Tabs",Abacavir,Generic,300mg,Tablet,60.0,1436.0,16442.2,11.45,0.19,Hetero Unit III Hyderabad IN,Yes,2832.0,7474.2,expensive,20.34,expensive
41902.0,Vietnam,PMO - US,Direct Drop,EXW,Air,0.0,No,ARV,Adult,HETERO LABS LIMITED,"Tenofovir Disoproxil Fumarate 300mg, tablets, 30 Tabs",Tenofovir Disoproxil Fumarate,Generic,300mg,Tablet,30.0,13307.0,47239.85,3.55,0.12,Hetero Unit III Hyderabad IN,Yes,1018.0,1681.58,reasonable,58.44,reasonable
637.0,Vietnam,PMO - US,Direct Drop,EXW,Air,0.0,No,ARV,Adult,Aurobindo Pharma Limited,"Stavudine 30mg, capsules, 60 Caps",Stavudine,Generic,30mg,Capsule,60.0,42000.0,60900.0,1.45,0.02,"Aurobindo Unit III, India",Yes,2600.0,10179.16,expensive,97.44,expensive
72836.0,Ghana,PMO - US,Direct Drop,EXW,Air,0.0,No,ARV,Adult,Aurobindo Pharma Limited,"Lamivudine/Nevirapine/Zidovudine 150/200/300mg, tablets, 60 Tabs",Lamivudine/Nevirapine/Zidovudine,Generic,150/300/200mg,Tablet - FDC,60.0,29107.0,238677.4,8.2,0.14,"Aurobindo Unit III, India",Yes,3647.0,18545.17,expensive,245.36,expensive
60840.0,South Africa,PMO - US,Direct Drop,DDP,Ocean,0.0,No,ARV,Adult,STRIDES ARCOLAB LIMITED,"Nevirapine 200mg, tablets, 60 Tabs",Nevirapine,Generic,200mg,Tablet,60.0,237500.0,681625.0,2.87,0.05,"Strides, Bangalore, India.",Yes,15475.0,14682.98,expensive,1469.58,expensive
791.0,Namibia,PMO - US,Direct Drop,EXW,Air,0.0,No,HRDT,HIV test,"Orgenics, Ltd","HIV 1/2, Determine HIV Kit, without Lancets, 100 Tests","HIV 1/2, Determine HIV Kit, without Lancets",Determine,N/A,Test kit,100.0,150.0,10798.5,71.99,0.72,Inverness Japan,Yes,46.0,2698.04,reasonable,21.17,reasonable
7849.0,Uganda,PMO - US,Direct Drop,CIP,Air,0.0,No,ARV,Adult,BRISTOL-MYERS SQUIBB,"Didanosine EC 250mg [Videx EC], delayed-release capsules, Blister 3 x 10 Caps",Didanosine EC,Videx EC,250mg,Delayed-release capsules - blister,30.0,84.0,1540.56,18.34,0.61,"BMS Meymac, France",Yes,4.0,390.81,reasonable,3.02,reasonable
74780.0,Cote d'Ivoire,PMO - US,Direct Drop,EXW,Air,0.0,No,HRDT,HIV test,"CHEMBIO DIAGNOSTIC SYSTEMS, INC.","HIV 1/2, Stat-Pak HIV, Kit, 20 Tests","HIV 1/2, Stat-Pak HIV, Kit",Stat-Pak,N/A,Test kit,20.0,3678.0,106662.0,29.0,1.45,Chembio Diagnostics Sys. Inc.,Yes,1056.0,12363.35,expensive,149.54,expensive
15248.0,Vietnam,PMO - US,Direct Drop,EXW,Air,0.0,No,ARV,Adult,Aurobindo Pharma Limited,"Lamivudine/Nevirapine/Zidovudine 150/200/300mg, tablets, 60 Tabs",Lamivudine/Nevirapine/Zidovudine,Generic,150/300/200mg,Tablet - FDC,60.0,16300.0,181745.0,11.15,0.19,"Aurobindo Unit III, India",Yes,2011.0,11648.31,expensive,356.22,expensive
14665.0,Haiti,PMO - US,Direct Drop,EXW,Air,0.0,No,HRDT,HIV test,"Orgenics, Ltd","HIV 1/2, Determine HIV Kit, without Lancets, 100 Tests","HIV 1/2, Determine HIV Kit, without Lancets",Determine,N/A,Test kit,100.0,1000.0,97680.0,97.68,0.98,Inverness Japan,Yes,227.0,2486.62,reasonable,210.6,reasonable
54296.0,South Africa,PMO - US,Direct Drop,DDP,Ocean,0.0,No,ARV,Adult,Aurobindo Pharma Limited,"Efavirenz 600mg, tablets, 30 Tabs",Efavirenz,Generic,600mg,Tablet,30.0,32083.0,144694.33,4.51,0.15,"Aurobindo Unit III, India",Yes,2808.0,630.5,reasonable,311.96,reasonable
3552.0,Guyana,PMO - US,Direct Drop,EXW,Air,0.0,No,HRDT,HIV test,"Orgenics, Ltd","HIV 1/2, Determine Complete HIV Kit, 100 Tests","HIV 1/2, Determine Complete HIV Kit",Determine,N/A,Test kit,100.0,213.0,15336.0,72.0,0.72,Inverness Japan,Yes,64.0,1083.36,reasonable,30.06,reasonable
44099.0,Haiti,PMO - US,Direct Drop,FCA,Air,0.0,No,ARV,Pediatric,ABBVIE LOGISTICS (FORMERLY ABBOTT LOGISTICS BV),"Lopinavir/Ritonavir 100/25mg [Aluvia], tablets, 60 Tabs",Lopinavir/Ritonavir,Generic,100/25mg,Tablet,60.0,612.0,3635.28,5.94,0.1,ABBVIE Ludwigshafen Germany,Yes,76.0,1286.68,reasonable,4.5,reasonable
21301.0,Tanzania,PMO - US,Direct Drop,EXW,Air,0.0,No,ARV,Pediatric,EMCURE PHARMACEUTICALS LTD,"Atazanavir 150mg, capsules, 60 Caps",Atazanavir,Generic,150mg,Capsule,60.0,1065.0,27785.85,26.09,0.43,"Emcure Plot No.P-2, I.T-B.T. Park, Phase II, MIDC, Hinjwadi, Pune, India",Yes,112.0,1122.07,reasonable,59.91,reasonable
29259.0,Zambia,PMO - US,Direct Drop,EXW,Air,0.0,No,HRDT,HIV test,"Orgenics, Ltd","HIV 1/2, Determine Complete HIV Kit, 100 Tests","HIV 1/2, Determine Complete HIV Kit",Determine,N/A,Test kit,100.0,2906.0,232480.0,80.0,0.8,"Alere Medical Co., Ltd.",Yes,1204.0,19587.34,expensive,287.58,expensive
8437.0,Botswana,PMO - US,Direct Drop,EXW,Air,0.0,No,HRDT,HIV test,"Orgenics, Ltd","HIV 1/2, Determine HIV Kit, without Lancets, 100 Tests","HIV 1/2, Determine HIV Kit, without Lancets",Determine,N/A,Test kit,100.0,100.0,7199.0,71.99,0.72,Inverness Japan,Yes,28.0,641.06,reasonable,11.52,reasonable
5905.0,Tanzania,PMO - US,Direct Drop,CIP,Air,0.0,No,ARV,Pediatric,GLAXOSMITHKLINE EXPORT LIMITED,"Abacavir 20mg/ml [Ziagen], oral solution, Bottle, 240 ml",Abacavir,Ziagen,20mg/ml,Oral solution,240.0,132.0,1990.56,15.08,0.06,GSK Mississauga (Canada),Yes,65.0,633.0,reasonable,3.18,reasonable
36298.0,Vietnam,PMO - US,Direct Drop,FCA,Air,0.0,No,ARV,Adult,ABBVIE LOGISTICS (FORMERLY ABBOTT LOGISTICS BV),"Ritonavir 100mg [Norvir], capsules, cool, 4 x 84 Caps",Ritonavir,Norvir,100mg,Capsule,336.0,60.0,4603.2,76.72,0.23,ABBVIE (Abbott) Logis. UK,Yes,170.0,4256.38,reasonable,9.92,reasonable
59502.0,Botswana,PMO - US,Direct Drop,EXW,Air,1.0,Yes,ARV,Adult,HETERO LABS LIMITED,"Efavirenz/Emtricitabine/Tenofovir Disoproxil Fumarate 600/200/300mg, tablets, 30 Tabs",Efavirenz/Emtricitabine/Tenofovir Disoproxil Fumarate,Generic,600/200/300mg,Tablet - FDC,30.0,39550.0,412506.5,10.43,0.35,"Hetero, Jadcherla, unit 5, IN",Yes,4840.0,23796.98,expensive,485.52,expensive
30850.0,Sudan,PMO - US,Direct Drop,EXW,Air,0.0,No,HRDT,HIV test,"Orgenics, Ltd","HIV 1/2, Determine Complete HIV Kit, 100 Tests","HIV 1/2, Determine Complete HIV Kit",Determine,N/A,Test kit,100.0,105.0,9345.0,89.0,0.89,"Alere Medical Co., Ltd.",Yes,49.0,1768.15,reasonable,15.42,reasonable
54180.0,Vietnam,PMO - US,Direct Drop,FCA,Air,0.0,No,ARV,Adult,ABBVIE LOGISTICS (FORMERLY ABBOTT LOGISTICS BV),"Lopinavir/Ritonavir 200/50mg [Aluvia], tablets, 120 Tabs",Lopinavir/Ritonavir,Aluvia,200/50mg,Tablet,120.0,1400.0,115080.0,82.2,0.68,ABBVIE Ludwigshafen Germany,Yes,209.0,954.38,reasonable,225.56,reasonable
9353.0,Botswana,PMO - US,Direct Drop,EXW,Air,0.0,No,HRDT,HIV test,Orasure Technologies Inc.,"HIV 1/2, OraQuick Advance HIV Rapid Antibody Kit, 100 Tests","HIV 1/2, OraQuick Advance HIV Rapid Antibody Kit",OraQuick,N/A,Test kit,100.0,10.0,3500.0,350.0,3.5,"Pacific Biotech, Thailand",Yes,24.0,1091.64,reasonable,5.6,reasonable
47975.0,Vietnam,PMO - US,Direct Drop,FCA,Air,0.0,No,ARV,Adult,ABBVIE LOGISTICS (FORMERLY ABBOTT LOGISTICS BV),"Lopinavir/Ritonavir 200/50mg [Aluvia], tablets, 120 Tabs",Lopinavir/Ritonavir,Aluvia,200/50mg,Tablet,120.0,1575.0,129465.0,82.2,0.68,ABBVIE Ludwigshafen Germany,Yes,382.0,5528.41,expensive,213.62,expensive
1646.0,Guyana,PMO - US,Direct Drop,EXW,Air,0.0,No,HRDT,HIV test,"Trinity Biotech, Plc","HIV 1/2, Uni-Gold HIV Kit, 20 Tests","HIV 1/2, Uni-Gold HIV Kit",Uni-Gold,N/A,Test kit,20.0,832.0,26624.0,32.0,1.6,"Trinity Biotech, Plc",Yes,832.0,3740.04,reasonable,42.6,reasonable
67661.0,Guyana,PMO - US,Direct Drop,EXW,Air,0.0,No,ARV,Pediatric,Aurobindo Pharma Limited,"Zidovudine 100mg, capsules, 100 Caps",Zidovudine,Generic,100mg,Capsule,100.0,114.0,513.0,4.5,0.04,"Aurobindo Unit III, India",Yes,5.0,672.49,reasonable,0.63,reasonable
7467.0,Ethiopia,PMO - US,Direct Drop,EXW,Air,0.0,No,HRDT,HIV test,"SHANGHAI KEHUA BIOENGINEERING CO.,LTD.  (KHB)","HIV 1/2, SKB Colloidal Gold, Diagnostic Kit, Antibody, 50 Tests","HIV 1/2, Colloidal Gold, Diagnostic Kit, Antibody",Colloidal Gold,N/A,Test kit,1.0,3510.0,80730.0,23.0,23.0,"KHB Test Kit Facility, Shanghai China",Yes,2535.0,20083.74,expensive,158.23,expensive
7184.0,Zimbabwe,PMO - US,Direct Drop,EXW,Air,0.0,No,HRDT,HIV test,"Standard Diagnostics, Inc.","HIV 1/2, Bioline 3.0 Kit, Lancets, Capillary pipets, Alcohol swabs included, 25 Tests","HIV 1/2, Bioline 3.0 Kit, Lancets, Capillary pipets, Alcohol swabs included",Bioline,N/A,Test kit,25.0,7864.0,157280.0,20.0,0.8,"Standard Diagnostics, Korea",Yes,2450.0,18087.86,expensive,308.27,expensive
56487.0,Zambia,PMO - US,Direct Drop,EXW,Air,1.0,Yes,HRDT,HIV test,"Orgenics, Ltd","HIV 1/2, Determine Complete HIV Kit, 100 Tests","HIV 1/2, Determine Complete HIV Kit",Determine,N/A,Test kit,100.0,2814.0,225120.0,80.0,0.8,Inverness Japan,Yes,1363.0,22746.62,expensive,485.36,expensive
24060.0,Rwanda,PMO - US,Direct Drop,CIP,Air,0.0,No,ARV,Adult,HETERO LABS LIMITED,"Lamivudine 150mg, tablets, 60 Tabs",Lamivudine,Generic,150mg,Tablet,60.0,10620.0,27505.8,2.59,0.04,Hetero Unit III Hyderabad IN,Yes,593.0,730.81,reasonable,53.91,reasonable
56668.0,Vietnam,PMO - US,Direct Drop,EXW,Air,0.0,No,ARV,Adult,HETERO LABS LIMITED,"Lamivudine/Zidovudine 150/300mg, tablets, 60 Tabs",Lamivudine/Zidovudine,Generic,150/300mg,Tablet - FDC,60.0,8245.0,67609.0,8.2,0.14,Hetero Unit III Hyderabad IN,Yes,759.0,7261.69,expensive,111.55,expensive
5280.0,Vietnam,PMO - US,Direct Drop,EXW,Air,1.0,Yes,ARV,Pediatric,Aurobindo Pharma Limited,"Didanosine 100mg, chewable/dispersible tablets, 60 Tabs",Didanosine,Generic,100mg,Chewable/dispersible tablet,60.0,1700.0,17850.0,10.5,0.18,"Aurobindo Unit III, India",Yes,356.0,14982.1,expensive,,expensive
32402.0,Ghana,PMO - US,Direct Drop,EXW,Air,0.0,No,ARV,Pediatric,Aurobindo Pharma Limited,"Lamivudine 10mg/ml, oral solution, Bottle, 240 ml",Lamivudine,Generic,10mg/ml,Oral solution,240.0,1905.0,2724.15,1.43,0.01,"Aurobindo Unit III, India",Yes,786.0,4304.34,reasonable,2.8,reasonable
65987.0,Vietnam,PMO - US,Direct Drop,FCA,Air,0.0,No,ARV,Pediatric,ABBVIE LOGISTICS (FORMERLY ABBOTT LOGISTICS BV),"Lopinavir/Ritonavir 80/20mg/ml [Kaletra], oral solution, cool, Bottle 5 x 60 ml",Lopinavir/Ritonavir,Kaletra,80/20mg/ml,Oral solution,300.0,100.0,6082.0,60.82,0.2,ABBVIE (Abbott) Logis. UK,Yes,164.0,742.1,reasonable,8.53,reasonable
43628.0,Botswana,PMO - US,Direct Drop,EXW,Air,0.0,No,HRDT,HIV test - Ancillary,"Trinity Biotech, Plc","#109436**HIV 1, Uni-Gold Recombigen HIV Control, Vial 2 x 0.5 ml","HIV 1, Uni-Gold Recombigen HIV Control, Vial 2 x 0.5 ml",Uni-Gold,N/A,Test kit - Ancillary,2.0,15.0,465.0,31.0,15.5,"Trinity Biotech, Plc",Yes,5.0,592.46,reasonable,1.0,reasonable
1502.0,Rwanda,PMO - US,Direct Drop,EXW,Air,0.0,No,ARV,Adult,ASPEN PHARMACARE,"Tenofovir Disoproxil Fumarate 300mg [Viread], tablets, 30 Tabs",Tenofovir Disoproxil Fumarate,Viread,300mg,Tablet,30.0,1609.0,27353.0,17.0,0.57,"Aspen-OSD, Port Elizabeth, SA",Yes,157.0,7922.24,expensive,43.76,expensive
3097.0,Vietnam,PMO - US,Direct Drop,EXW,Air,0.0,No,ARV,Adult,STRIDES ARCOLAB LIMITED,"Stavudine 30mg, capsules, 60 Caps",Stavudine,Generic,30mg,Capsule,60.0,2464.0,3720.64,1.51,0.03,"Strides, Bangalore, India.",Yes,114.0,2879.96,reasonable,5.95,reasonable
58202.0,Vietnam,PMO - US,Direct Drop,EXW,Air,0.0,No,ARV,Adult,MYLAN LABORATORIES LTD (FORMERLY MATRIX LABORATORIES),"Efavirenz/Lamivudine/Tenofovir Disoproxil Fumarate 600/300/300mg, tablets, 30 Tabs",Efavirenz/Lamivudine/Tenofovir Disoproxil Fumarate,Generic,600/300/300mg,Tablet - FDC,30.0,21384.0,217047.6,10.15,0.34,Mylan (formerly Matrix) Nashik,Yes,2406.0,4872.65,reasonable,223.12,reasonable
28282.0,Cameroon,PMO - US,Direct Drop,FCA,Air,0.0,No,ARV,Pediatric,ABBVIE LOGISTICS (FORMERLY ABBOTT LOGISTICS BV),"Lopinavir/Ritonavir 100/25mg [Aluvia], tablets, 60 Tabs",Lopinavir/Ritonavir,Generic,100/25mg,Tablet,60.0,8800.0,52272.0,5.94,0.1,ABBVIE Ludwigshafen Germany,Yes,1485.0,10334.23,expensive,61.52,expensive
25103.0,Tanzania,PMO - US,Direct Drop,EXW,Air,0.0,No,HRDT,HIV test,"Orgenics, Ltd","HIV 1/2, Determine Complete HIV Kit, 100 Tests","HIV 1/2, Determine Complete HIV Kit",Determine,N/A,Test kit,100.0,3500.0,280000.0,80.0,0.8,Inverness Japan,Yes,1669.0,30754.1,expensive,462.0,expensive
28577.0,Tanzania,PMO - US,Direct Drop,EXW,Air,0.0,No,ARV,Adult,MYLAN LABORATORIES LTD (FORMERLY MATRIX LABORATORIES),"Efavirenz/Emtricitabine/Tenofovir Disoproxil Fumarate 600/200/300mg, tablets, 30 Tabs",Efavirenz/Emtricitabine/Tenofovir Disoproxil Fumarate,Generic,600/200/300mg,Tablet - FDC,30.0,53149.0,1057665.1,19.9,0.66,Mylan (formerly Matrix) Nashik,Yes,5808.0,28514.49,expensive,2280.33,expensive
9841.0,Nigeria,PMO - US,Direct Drop,EXW,Air,0.0,No,ACT,ACT,IDA FOUNDATION,"Artemether/Lumefantrine 20/120mg [Coartem], scored tablets, Blister 30 x 18 Tabs",Artemether/Lumefantrine,Coartem,20/120mg,Tablet - FDC + blister,540.0,34.0,1547.68,45.52,0.08,"Novartis Pharma AG, Switzerland",Yes,159.0,1976.57,reasonable,2.48,reasonable
20506.0,Vietnam,PMO - US,Direct Drop,EXW,Air,0.0,No,ARV,Adult,HETERO LABS LIMITED,"Tenofovir Disoproxil Fumarate 300mg, tablets, 30 Tabs",Tenofovir Disoproxil Fumarate,Generic,300mg,Tablet,30.0,17300.0,54495.0,3.15,0.1,Hetero Unit III Hyderabad IN,Yes,1320.0,2730.91,reasonable,64.14,reasonable
38793.0,Zimbabwe,PMO - US,Direct Drop,EXW,Air,0.0,No,HRDT,HIV test,"Orgenics, Ltd","HIV 1/2, Determine Complete HIV Kit, 100 Tests","HIV 1/2, Determine Complete HIV Kit",Determine,N/A,Test kit,100.0,2856.0,228480.0,80.0,0.8,Inverness Japan,Yes,1102.0,26846.59,expensive,376.99,expensive
9151.0,Vietnam,PMO - US,Direct Drop,EXW,Air,0.0,No,ARV,Adult,CIPLA LIMITED,"Lamivudine/Nevirapine/Stavudine 150/200/30mg, tablets, 60 Tabs",Lamivudine/Nevirapine/Stavudine,Generic,150/200/30mg,Tablet - FDC,60.0,19392.0,130896.0,6.75,0.11,"Cipla, Goa, India",Yes,1899.0,5209.46,expensive,256.56,expensive
64664.0,South Africa,PMO - US,Direct Drop,DDP,Ocean,0.0,No,ARV,Adult,Aurobindo Pharma Limited,"Abacavir 300mg, tablets, 60 Tabs",Abacavir,Generic,300mg,Tablet,60.0,120.0,1791.6,14.93,0.25,"Aurobindo Unit III, India",Yes,12.0,160.52,reasonable,2.96,reasonable
64904.0,Nigeria,PMO - US,Direct Drop,EXW,Air,0.0,No,HRDT,HIV test,"Orgenics, Ltd","HIV 1/2, Determine Complete HIV Kit, 100 Tests","HIV 1/2, Determine Complete HIV Kit",Determine,N/A,Test kit,100.0,2744.0,244216.0,89.0,0.89,"Alere Medical Co., Ltd.",Yes,1186.0,24927.19,expensive,342.39,expensive
43912.0,Haiti,PMO - US,Direct Drop,EXW,Air,0.0,No,ARV,Adult,Aurobindo Pharma Limited,"Lamivudine/Zidovudine 150/300mg, tablets, 60 Tabs",Lamivudine/Zidovudine,Generic,150/300mg,Tablet - FDC,60.0,1217.0,8239.09,6.77,0.11,"Aurobindo Unit III, India",Yes,124.0,976.44,reasonable,8.47,reasonable
76112.0,Rwanda,PMO - US,Direct Drop,CIP,Air,0.0,No,ARV,Adult,MYLAN LABORATORIES LTD (FORMERLY MATRIX LABORATORIES),"Lamivudine/Tenofovir Disoproxil Fumarate 300/300mg, tablets, 30 Tabs",Lamivudine/Tenofovir Disoproxil Fumarate,Generic,300/300mg,Tablet - FDC,30.0,20700.0,226665.0,10.95,0.36,Mylan (formerly Matrix) Nashik,Yes,1795.0,21340.35,expensive,444.26,expensive
36978.0,Vietnam,PMO - US,Direct Drop,EXW,Air,0.0,No,ARV,Pediatric,MICRO LABS LIMITED,"Efavirenz 50mg, capsule, 30 Caps",Efavirenz,Generic,50mg,Capsule,30.0,1240.0,2504.8,2.02,0.07,"Micro labs, Verna, Goa, India",Yes,71.0,990.04,reasonable,3.51,reasonable
75522.0,Vietnam,PMO - US,Direct Drop,EXW,Air,0.0,No,ARV,Adult,HETERO LABS LIMITED,"Efavirenz 600mg, tablets, 30 Tabs",Efavirenz,Generic,600mg,Tablet,30.0,11517.0,37315.08,3.24,0.11,Hetero Unit III Hyderabad IN,Yes,1006.0,3001.35,reasonable,46.16,reasonable
420.0,Vietnam,PMO - US,Direct Drop,EXW,Air,0.0,No,ARV,Adult,MYLAN LABORATORIES LTD (FORMERLY MATRIX LABORATORIES),"Efavirenz 600mg, tablets, 30 Tabs",Efavirenz,Generic,600mg,Tablet,30.0,8400.0,96432.0,11.48,0.38,Mylan (formerly Matrix) Nashik,Yes,654.0,4051.34,reasonable,154.29,reasonable
43635.0,Vietnam,PMO - US,Direct Drop,EXW,Air,0.0,No,ARV,Adult,MYLAN LABORATORIES LTD (FORMERLY MATRIX LABORATORIES),"Efavirenz/Lamivudine/Tenofovir Disoproxil Fumarate 600/300/300mg, tablets, 30 Tabs",Efavirenz/Lamivudine/Tenofovir Disoproxil Fumarate,Generic,600/300/300mg,Tablet - FDC,30.0,13907.0,155063.05,11.15,0.37,Mylan (formerly Matrix) Nashik,Yes,1578.0,2689.85,reasonable,191.81,reasonable
49919.0,Vietnam,PMO - US,Direct Drop,EXW,Air,0.0,No,ARV,Adult,MYLAN LABORATORIES LTD (FORMERLY MATRIX LABORATORIES),"Lamivudine/Nevirapine/Zidovudine 150/200/300mg, tablets, 60 Tabs",Lamivudine/Nevirapine/Zidovudine,Generic,150/300/200mg,Tablet - FDC,60.0,7000.0,56700.0,8.1,0.13,Mylan (formerly Matrix) Nashik,Yes,974.0,1069.31,reasonable,58.29,reasonable
36913.0,Guyana,PMO - US,Direct Drop,EXW,Air,0.0,No,HRDT,HIV test,"Trinity Biotech, Plc","HIV 1/2, Uni-Gold HIV Kit, 20 Tests","HIV 1/2, Uni-Gold HIV Kit",Uni-Gold,N/A,Test kit,20.0,1470.0,47040.0,32.0,1.6,"Trinity Biotech, Plc",Yes,500.0,5255.14,expensive,101.42,expensive
8061.0,Tanzania,PMO - US,Direct Drop,EXW,Air,0.0,No,HRDT,HIV test,"Standard Diagnostics, Inc.","HIV 1/2, Bioline 3.0 Kit, Lancets, Capillary pipets, Alcohol swabs included, 25 Tests","HIV 1/2, Bioline 3.0 Kit, Lancets, Capillary pipets, Alcohol swabs included",Bioline,N/A,Test kit,25.0,10000.0,200000.0,20.0,0.8,"Standard Diagnostics, Korea",Yes,3336.0,28837.28,expensive,320.0,expensive
76063.0,Haiti,PMO - US,Direct Drop,EXW,Air,0.0,No,ARV,Pediatric,MYLAN LABORATORIES LTD (FORMERLY MATRIX LABORATORIES),"Lamivudine/Zidovudine 30/60mg, tablets, 60 Tabs",Lamivudine/Zidovudine,Generic,30/60mg,Tablet - FDC,60.0,3192.0,6703.2,2.1,0.04,Mylan (formerly Matrix) Nashik,Yes,157.0,2010.69,reasonable,8.29,reasonable
16619.0,Zambia,PMO - US,Direct Drop,EXW,Air,0.0,No,ARV,Adult,Aurobindo Pharma Limited,"Lamivudine 150mg, tablets, 60 Tabs",Lamivudine,Generic,150mg,Tablet,60.0,20000.0,43000.0,2.15,0.04,"Aurobindo Unit III, India",Yes,1044.0,5145.69,expensive,44.2,expensive
4650.0,Mozambique,PMO - US,Direct Drop,EXW,Air,0.0,No,HRDT,HIV test - Ancillary,"Orgenics, Ltd","HIV, Lancet, Safety, for HIV Test kits, 100 Pcs","HIV, Lancet, Safety, for HIV Test kits, 100 Pcs",Generic,N/A,Test kit - Ancillary,100.0,7690.0,76.9,0.01,0.0,Inverness Japan,Yes,2278.0,23743.01,expensive,0.15,expensive
70404.0,Vietnam,PMO - US,Direct Drop,EXW,Air,0.0,No,ARV,Adult,HETERO LABS LIMITED,"Efavirenz 600mg, tablets, 30 Tabs",Efavirenz,Generic,600mg,Tablet,30.0,14374.0,46571.76,3.24,0.11,"Hetero, Jadcherla, unit 5, IN",Yes,1228.0,1849.17,reasonable,57.61,reasonable
56932.0,Cameroon,PMO - US,Direct Drop,EXW,Air,0.0,No,HRDT,HIV test,HUMAN GMBH,"HIV 1/2, HEXAGON Rapid HIV Kit, 100 Tests","HIV 1/2, HEXAGON Rapid HIV Kit",Hexagon,N/A,Test kit,100.0,30.0,3347.4,111.58,1.12,Human Diagnostic,Yes,46.0,1003.18,reasonable,4.14,reasonable
75091.0,Namibia,PMO - US,Direct Drop,EXW,Air,0.0,No,HRDT,HIV test,"Trinity Biotech, Plc","HIV 1/2, Uni-Gold HIV Kit, 20 Tests","HIV 1/2, Uni-Gold HIV Kit",Uni-Gold,N/A,Test kit,20.0,728.0,23296.0,32.0,1.6,"Trinity Biotech, Plc",Yes,238.0,2789.67,reasonable,32.66,reasonable
56165.0,Cote d'Ivoire,PMO - US,Direct Drop,CIP,Air,0.0,No,ARV,Adult,MERCK SHARP & DOHME IDEA GMBH (FORMALLY MERCK SHARP & DOHME B.V.),"Indinavir 400mg [Crixivan], capsules, 180 Caps",Indinavir,Crixivan,400mg,Capsule,180.0,2000.0,100000.0,50.0,0.28,"MSD, Haarlem, NL",Yes,518.0,1434.5,reasonable,215.6,reasonable
56335.0,Mozambique,PMO - US,Direct Drop,EXW,Air,0.0,No,ARV,Adult,Aurobindo Pharma Limited,"Didanosine 400mg, delayed-release capsules, 30 Caps",Didanosine,Generic,400mg,Delayed-release capsules,30.0,800.0,16000.0,20.0,0.67,"Aurobindo Unit III, India",Yes,62.0,1045.5,reasonable,16.45,reasonable
36717.0,Cote d'Ivoire,PMO - US,Direct Drop,EXW,Air,0.0,No,HRDT,HIV test,"CHEMBIO DIAGNOSTIC SYSTEMS, INC.","HIV 1/2, Stat-Pak HIV, Kit, 20 Tests","HIV 1/2, Stat-Pak HIV, Kit",Stat-Pak,N/A,Test kit,20.0,2483.0,67041.0,27.0,1.35,Chembio Diagnostics Sys. Inc.,Yes,706.0,6150.75,expensive,144.54,expensive
60489.0,Ethiopia,PMO - US,Direct Drop,EXW,Air,0.0,No,HRDT,HIV test,"CHEMBIO DIAGNOSTIC SYSTEMS, INC.","HIV 1/2, Stat-Pak HIV, Kit, 20 Tests","HIV 1/2, Stat-Pak HIV, Kit",Stat-Pak,N/A,Test kit,20.0,832.0,24128.0,29.0,1.45,Chembio Diagnostics Sys. Inc.,Yes,238.0,1945.45,reasonable,29.85,reasonable
52367.0,Ghana,PMO - US,Direct Drop,EXW,Ocean,0.0,No,ARV,Adult,STRIDES ARCOLAB LIMITED,"Efavirenz 600mg, tablets, 30 Tabs",Efavirenz,Generic,600mg,Tablet,30.0,167716.0,535014.04,3.19,0.11,"Strides, Bangalore, India.",Yes,10803.0,24636.23,expensive,549.99,expensive
59973.0,Namibia,PMO - US,Direct Drop,EXW,Air,0.0,No,HRDT,HIV test,"Orgenics, Ltd","HIV 1/2, Determine HIV Kit, without Lancets, 100 Tests","HIV 1/2, Determine HIV Kit, without Lancets",Determine,N/A,Test kit,100.0,170.0,11900.0,70.0,0.7,Inverness Japan,Yes,40.0,2883.51,reasonable,25.66,reasonable
29538.0,Haiti,PMO - US,Direct Drop,EXW,Air,0.0,No,ARV,Adult,MYLAN LABORATORIES LTD (FORMERLY MATRIX LABORATORIES),"Lamivudine/Nevirapine/Zidovudine 150/200/300mg, tablets, 60 Tabs",Lamivudine/Nevirapine/Zidovudine,Generic,150/300/200mg,Tablet - FDC,60.0,26608.0,215524.8,8.1,0.13,Mylan (formerly Matrix) Nashik,Yes,3699.0,21146.04,expensive,221.56,expensive
41584.0,Zambia,PMO - US,Direct Drop,EXW,Air,1.0,Yes,HRDT,HIV test,"Orgenics, Ltd","HIV 1/2, Determine Complete HIV Kit, 100 Tests","HIV 1/2, Determine Complete HIV Kit",Determine,N/A,Test kit,100.0,3000.0,240000.0,80.0,0.8,"Alere Medical Co., Ltd.",Yes,1428.0,25760.94,expensive,336.48,expensive
67501.0,Ethiopia,PMO - US,Direct Drop,EXW,Air,0.0,No,ARV,Adult,Aurobindo Pharma Limited,"Lopinavir/Ritonavir 200/50mg, tablets, 120 Tabs",Lopinavir/Ritonavir,Generic,200/50mg,Tablet,120.0,14498.0,487132.8,33.6,0.28,"Aurobindo Unit III, India",Yes,3685.0,16359.2,expensive,803.77,expensive
68268.0,Ethiopia,PMO - US,Direct Drop,FCA,Air,0.0,No,ARV,Pediatric,ABBVIE LOGISTICS (FORMERLY ABBOTT LOGISTICS BV),"Lopinavir/Ritonavir 80/20mg/ml [Kaletra], oral solution, cool, Bottle 5 x 60 ml",Lopinavir/Ritonavir,Kaletra,80/20mg/ml,Oral solution,300.0,699.0,21543.18,30.82,0.1,ABBVIE (Abbott) Logis. UK,Yes,728.0,6941.12,expensive,30.2,expensive
41045.0,Rwanda,PMO - US,Direct Drop,CIP,Air,0.0,No,ARV,Adult,HETERO LABS LIMITED,"Nevirapine 200mg, tablets, 60 Tabs",Nevirapine,Generic,200mg,Tablet,60.0,34500.0,106605.0,3.09,0.05,Hetero Unit III Hyderabad IN,Yes,2044.0,10883.65,expensive,208.95,expensive
19406.0,Vietnam,PMO - US,Direct Drop,EXW,Air,0.0,No,ARV,Adult,HETERO LABS LIMITED,"Zidovudine 300mg, tablets, 60 Tabs",Zidovudine,Generic,300mg,Tablet,60.0,1082.0,6221.5,5.75,0.1,Hetero Unit III Hyderabad IN,Yes,2228.0,3565.08,reasonable,7.7,reasonable
4302.0,Cote d'Ivoire,PMO - US,Direct Drop,EXW,Air,1.0,Yes,HRDT,HIV test,BIO-RAD LABORATORIES (FRANCE),"#108853** HIV, Genie II HIV-1/HIV-2 Kit, 40 Tests","HIV, Genie II HIV-1/HIV-2 Kit",Genie,N/A,Test kit,40.0,476.0,36176.0,76.0,1.9,Bio-Rad Laboratories,Yes,522.0,6924.83,expensive,57.88,expensive
81477.0,South Africa,PMO - US,Direct Drop,DDP,Ocean,0.0,No,ARV,Adult,Aurobindo Pharma Limited,"Lamivudine 150mg, tablets, 60 Tabs",Lamivudine,Generic,150mg,Tablet,60.0,75000.0,181500.0,2.42,0.04,"Aurobindo Unit III, India",Yes,2915.0,6012.42,expensive,391.31,expensive
39441.0,Zambia,PMO - US,Direct Drop,EXW,Air,0.0,No,ARV,Pediatric,CIPLA LIMITED,"Lamivudine/Nevirapine/Stavudine 60/100/12mg, dispersible tablets, 60 Tabs",Lamivudine/Nevirapine/Stavudine,Generic,60/100/12mg,Chewable/dispersible tablet - FDC,60.0,70000.0,301000.0,4.3,0.07,"Cipla, Goa, India",Yes,5999.0,25383.34,expensive,422.0,expensive
8023.0,Nigeria,PMO - US,Direct Drop,EXW,Air,0.0,No,HRDT,HIV test,Abbott GmbH & Co. KG,"HIV 1/2, Determine Complete HIV Kit, 100 Tests","HIV 1/2, Determine Complete HIV Kit",Determine,N/A,Test kit,100.0,2500.0,200000.0,80.0,0.8,ABBVIE GmbH & Co.KG Wiesbaden,Yes,851.0,5469.91,expensive,,expensive
34122.0,Cote d'Ivoire,PMO - US,Direct Drop,EXW,Air,0.0,No,HRDT,HIV test,"Standard Diagnostics, Inc.","HIV 1/2, Bioline 3.0 Kit, Lancets, Capillary pipets, Alcohol swabs included, 25 Tests","HIV 1/2, Bioline 3.0 Kit, Lancets, Capillary pipets, Alcohol swabs included",Bioline,N/A,Test kit,25.0,2700.0,55350.0,20.5,0.82,"Standard Diagnostics, Korea",Yes,900.0,9024.04,expensive,56.9,expensive
8192.0,Rwanda,PMO - US,Direct Drop,CIP,Air,0.0,No,ARV,Adult,CIPLA LIMITED,"Lamivudine/Nevirapine/Stavudine 150/200/30mg, tablets, 60 Tabs",Lamivudine/Nevirapine/Stavudine,Generic,150/200/30mg,Tablet - FDC,60.0,100000.0,700000.0,7.0,0.12,"Cipla, Goa, India",Yes,10303.0,35034.75,expensive,1120.0,expensive
30186.0,Vietnam,PMO - US,Direct Drop,EXW,Air,0.0,No,ARV,Adult,MYLAN LABORATORIES LTD (FORMERLY MATRIX LABORATORIES),"Abacavir 300mg, tablets, 60 Tabs",Abacavir,Generic,300mg,Tablet,60.0,200.0,3148.0,15.74,0.26,Mylan (formerly Matrix) Nashik,Yes,22.0,3587.81,reasonable,6.79,reasonable
10102.0,Nigeria,PMO - US,Direct Drop,EXW,Air,0.0,No,HRDT,HIV test,"Orgenics, Ltd","HIV 1/2, Determine Complete HIV Kit, 100 Tests","HIV 1/2, Determine Complete HIV Kit",Determine,N/A,Test kit,100.0,3622.0,289760.0,80.0,0.8,Inverness Japan,Yes,1091.0,15045.56,expensive,567.93,expensive
25767.0,Malawi,PMO - US,Direct Drop,EXW,Air,0.0,No,HRDT,HIV test,"Orgenics, Ltd","HIV 1/2, Determine Complete HIV Kit, 100 Tests","HIV 1/2, Determine Complete HIV Kit",Determine,N/A,Test kit,100.0,461.0,36880.0,80.0,0.8,"Alere Medical Co., Ltd.",Yes,207.0,5248.93,expensive,45.62,expensive
42571.0,Pakistan,PMO - US,Direct Drop,EXW,Air,0.0,No,HRDT,HIV test,INVERNESS MEDICAL INNOVATIONS HONG KONG LTD,"HIV 1/2, Determine Complete HIV Kit, 100 Tests","HIV 1/2, Determine Complete HIV Kit",Determine,N/A,Test kit,100.0,4484.0,358720.0,80.0,0.8,"Alere Medical Co., Ltd.",Yes,1948.0,21689.39,expensive,502.93,expensive
78479.0,Haiti,PMO - US,Direct Drop,FCA,Air,0.0,No,ARV,Adult,ABBVIE LOGISTICS (FORMERLY ABBOTT LOGISTICS BV),"Lopinavir/Ritonavir 200/50mg [Aluvia], tablets, 120 Tabs",Lopinavir/Ritonavir,Aluvia,200/50mg,Tablet,120.0,1865.0,36031.8,19.32,0.16,ABBVIE Ludwigshafen Germany,Yes,463.0,3222.27,reasonable,44.57,reasonable
13547.0,"Congo, DRC",PMO - US,Direct Drop,EXW,Air,0.0,No,HRDT,HIV test,"Trinity Biotech, Plc","HIV 1/2, Uni-Gold HIV Kit, 20 Tests","HIV 1/2, Uni-Gold HIV Kit",Uni-Gold,N/A,Test kit,20.0,77.0,2464.0,32.0,1.6,"Trinity Biotech, Plc",Yes,509.0,8021.11,expensive,2.53,expensive
33807.0,Haiti,PMO - US,Direct Drop,FCA,Air,0.0,No,ARV,Pediatric,ABBVIE LOGISTICS (FORMERLY ABBOTT LOGISTICS BV),"Lopinavir/Ritonavir 100/25mg [Aluvia], tablets, 60 Tabs",Lopinavir/Ritonavir,Generic,100/25mg,Tablet,60.0,612.0,3635.28,5.94,0.1,ABBVIE Ludwigshafen Germany,Yes,76.0,1259.05,reasonable,4.5,reasonable
1251.0,Vietnam,PMO - US,Direct Drop,CIP,Air,0.0,No,ARV,Pediatric,BRISTOL-MYERS SQUIBB,"Didanosine 25mg [Videx], chewable tablets, 60 Tabs",Didanosine,Videx,25mg,Chewable/dispersible tablet,60.0,2800.0,19600.0,7.0,0.12,"BMS Meymac, France",Yes,555.0,3292.15,reasonable,,reasonable
8315.0,Haiti,PMO - US,Direct Drop,EXW,Air,0.0,No,HRDT,HIV test,Orasure Technologies Inc.,"HIV 1/2, OraQuick Advance HIV Rapid Antibody Kit, 100 Tests","HIV 1/2, OraQuick Advance HIV Rapid Antibody Kit",OraQuick,N/A,Test kit,100.0,30.0,10500.0,350.0,3.5,"Pacific Biotech, Thailand",Yes,72.0,2556.61,reasonable,16.8,reasonable
40479.0,Tanzania,PMO - US,Direct Drop,FCA,Air,0.0,No,ARV,Pediatric,ABBVIE LOGISTICS (FORMERLY ABBOTT LOGISTICS BV),"Lopinavir/Ritonavir 80/20mg/ml [Kaletra], oral solution, cool, Bottle 5 x 60 ml",Lopinavir/Ritonavir,Kaletra,80/20mg/ml,Oral solution,300.0,304.0,9369.28,30.82,0.1,ABBVIE (Abbott) Logis. UK,Yes,278.0,5656.74,expensive,9.63,expensive
51911.0,Cameroon,PMO - US,Direct Drop,EXW,Air,0.0,No,ARV,Adult,Aurobindo Pharma Limited,"Lamivudine/Tenofovir Disoproxil Fumarate 300/300mg, tablets, 30 Tabs",Lamivudine/Tenofovir Disoproxil Fumarate,Generic,300/300mg,Tablet - FDC,30.0,32400.0,150660.0,4.65,0.16,"Aurobindo Unit VII, IN",Yes,3227.0,26930.79,expensive,186.37,expensive
73301.0,Uganda,PMO - US,Direct Drop,FCA,Air,0.0,No,ARV,Adult,Hoffmann-La Roche ltd Basel,"Saquinavir 500mg [Invirase], tablets, 120 Tabs",Saquinavir,Invirase,500mg,Tablet,120.0,98.0,10150.19,103.57,0.86,Roche Madrid,Yes,18.0,968.25,reasonable,16.75,reasonable
1309.0,Ethiopia,PMO - US,Direct Drop,EXW,Air,0.0,No,HRDT,HIV test,Abbott GmbH & Co. KG,"HIV 1/2, Determine Complete HIV Kit, 100 Tests","HIV 1/2, Determine Complete HIV Kit",Determine,N/A,Test kit,100.0,4650.0,372000.0,80.0,0.8,ABBVIE GmbH & Co.KG Wiesbaden,Yes,1707.0,24859.45,expensive,,expensive
76217.0,Mozambique,PMO - US,Direct Drop,EXW,Air,1.0,Yes,HRDT,HIV test,"Orgenics, Ltd","HIV 1/2, Determine Complete HIV Kit, 100 Tests","HIV 1/2, Determine Complete HIV Kit",Determine,N/A,Test kit,100.0,2863.0,229040.0,80.0,0.8,"Alere Medical Co., Ltd.",Yes,1298.0,13146.21,expensive,283.32,expensive
5175.0,Tanzania,PMO - US,Direct Drop,FCA,Air,0.0,No,ARV,Adult,Hoffmann-La Roche ltd Basel,"Saquinavir 200mg [Invirase], capsules, 270 Caps",Saquinavir,Invirase,200mg,Capsule,270.0,820.0,73074.13,89.11,0.33,Roche Basel,Yes,424.0,3310.89,reasonable,143.23,reasonable
4100.0,Cote d'Ivoire,PMO - US,Direct Drop,EXW,Air,0.0,No,HRDT,HIV test,"CHEMBIO DIAGNOSTIC SYSTEMS, INC.","HIV 1/2, Stat-Pak HIV, Kit, 20 Tests","HIV 1/2, Stat-Pak HIV, Kit",Stat-Pak,N/A,Test kit,20.0,250.0,6750.0,27.0,1.35,Chembio Diagnostics Sys. Inc.,Yes,68.0,1711.86,reasonable,10.8,reasonable
2733.0,Cote d'Ivoire,PMO - US,Direct Drop,EXW,Air,0.0,No,HRDT,HIV test,Orasure Technologies Inc.,"HIV 1/2, OraQuick Advance HIV Rapid Antibody Kit, 100 Tests","HIV 1/2, OraQuick Advance HIV Rapid Antibody Kit",OraQuick,N/A,Test kit,100.0,50.0,20000.0,400.0,4.0,"Pacific Biotech, Thailand",Yes,120.0,3004.62,reasonable,,reasonable
27269.0,Rwanda,PMO - US,Direct Drop,FCA,Air,0.0,No,ARV,Adult,ABBVIE LOGISTICS (FORMERLY ABBOTT LOGISTICS BV),"Ritonavir 100mg [Norvir], film coated tablets, 60 Tabs",Ritonavir,Norvir,100mg,Tablet,60.0,1514.0,10370.9,6.85,0.11,ABBVIE Ludwigshafen Germany,Yes,204.0,1949.64,reasonable,10.66,reasonable
43136.0,Kenya,PMO - US,Direct Drop,EXW,Air,0.0,No,HRDT,HIV test,"Orgenics, Ltd","HIV 1/2, Determine Complete HIV Kit, 100 Tests","HIV 1/2, Determine Complete HIV Kit",Determine,N/A,Test kit,100.0,3000.0,240000.0,80.0,0.8,Inverness Japan,Yes,907.0,9014.8,expensive,470.4,expensive
1648.0,Botswana,PMO - US,Direct Drop,EXW,Air,0.0,No,HRDT,HIV test,Orasure Technologies Inc.,"HIV 1/2, OraQuick Advance HIV Rapid Antibody Kit, 100 Tests","HIV 1/2, OraQuick Advance HIV Rapid Antibody Kit",OraQuick,N/A,Test kit,100.0,10.0,3500.0,350.0,3.5,"Pacific Biotech, Thailand",Yes,39.0,604.0,reasonable,5.6,reasonable
32594.0,Cameroon,PMO - US,Direct Drop,EXW,Air,0.0,No,HRDT,HIV test,"Orgenics, Ltd","HIV 1/2, Determine Kit without Lancets, Buffer or Caplillary Tubes, 100 Tests","HIV 1/2, Determine Kit without Lancets, Buffer or Capillary Tubes, 100 Tests",Determine,N/A,Test kit,100.0,120.0,8658.0,72.15,0.72,"Alere Medical Co., Ltd.",Yes,22.0,1243.98,reasonable,12.14,reasonable
50665.0,Cote d'Ivoire,PMO - US,Direct Drop,FCA,Air,0.0,No,ARV,Adult,ABBVIE LOGISTICS (FORMERLY ABBOTT LOGISTICS BV),"Lopinavir/Ritonavir 200/50mg [Aluvia], tablets, 120 Tabs",Lopinavir/Ritonavir,Aluvia,200/50mg,Tablet,120.0,10560.0,381849.6,36.16,0.3,ABBVIE Ludwigshafen Germany,Yes,2598.0,15873.33,expensive,748.43,expensive
74178.0,Uganda,PMO - US,Direct Drop,EXW,Air,0.0,No,ARV,Pediatric,MYLAN LABORATORIES LTD (FORMERLY MATRIX LABORATORIES),"Efavirenz 200mg, tablets, 30 Tabs",Efavirenz,Generic,200mg,Tablet,30.0,61386.0,92079.0,1.5,0.05,Mylan (formerly Matrix) Nashik,Yes,3262.0,12034.96,expensive,113.9,expensive
176.0,Nigeria,PMO - US,Direct Drop,EXW,Air,0.0,No,HRDT,HIV test,"CHEMBIO DIAGNOSTIC SYSTEMS, INC.","HIV 1/2, Stat-Pak HIV, Kit, 20 Tests","HIV 1/2, Stat-Pak HIV, Kit",Stat-Pak,N/A,Test kit,20.0,10000.0,270000.0,27.0,1.35,Chembio Diagnostics Sys. Inc.,Yes,3263.0,20885.78,expensive,432.0,expensive
4709.0,Rwanda,PMO - US,Direct Drop,CIP,Air,0.0,No,ARV,Adult,CIPLA LIMITED,"Lamivudine/Zidovudine 150/300mg, tablets, 60 Tabs",Lamivudine/Zidovudine,Generic,150/300mg,Tablet - FDC,60.0,18560.0,168896.0,9.1,0.15,"Cipla, Goa, India",Yes,1698.0,16414.22,expensive,331.04,expensive
74398.0,South Africa,PMO - US,Direct Drop,DDP,Ocean,0.0,No,ARV,Adult,Aurobindo Pharma Limited,"Efavirenz 600mg, tablets, 30 Tabs",Efavirenz,Generic,600mg,Tablet,30.0,78595.0,354463.45,4.51,0.15,"Aurobindo Unit III, India",Yes,6681.0,9323.27,expensive,584.86,expensive
40963.0,Nigeria,PMO - US,Direct Drop,EXW,Air,0.0,No,HRDT,HIV test,"Orgenics, Ltd","HIV 1/2, Determine Complete HIV Kit, 100 Tests","HIV 1/2, Determine Complete HIV Kit",Determine,N/A,Test kit,100.0,6170.0,549130.0,89.0,0.89,"Alere Medical Co., Ltd.",Yes,2498.0,30648.28,expensive,564.51,expensive
26741.0,South Sudan,PMO - US,Direct Drop,EXW,Air,0.0,No,HRDT,HIV test,"Orgenics, Ltd","HIV 1/2, Determine Complete HIV Kit, 100 Tests","HIV 1/2, Determine Complete HIV Kit",Determine,N/A,Test kit,100.0,544.0,48416.0,89.0,0.89,"Alere Medical Co., Ltd.",Yes,226.0,5613.63,expensive,59.89,expensive
985.0,Tanzania,PMO - US,Direct Drop,FCA,Air,0.0,No,ARV,Pediatric,ABBVIE LOGISTICS (FORMERLY ABBOTT LOGISTICS BV),"Lopinavir/Ritonavir 80/20mg/ml [Kaletra], oral solution, cool, Bottle 5 x 60 ml",Lopinavir/Ritonavir,Kaletra,80/20mg/ml,Oral solution,300.0,524.0,21536.4,41.1,0.14,ABBVIE (Abbott) Logis. UK,Yes,644.0,6668.61,expensive,42.21,expensive
8440.0,Botswana,PMO - US,Direct Drop,EXW,Air,0.0,No,HRDT,HIV test,"Trinity Biotech, Plc","HIV 1/2, Uni-Gold HIV Kit, 20 Tests","HIV 1/2, Uni-Gold HIV Kit",Uni-Gold,N/A,Test kit,20.0,500.0,16000.0,32.0,1.6,"Trinity Biotech, Plc",Yes,166.0,1225.17,reasonable,25.6,reasonable
30211.0,Rwanda,PMO - US,Direct Drop,EXW,Air,0.0,No,ARV,Adult,Aurobindo Pharma Limited,"Didanosine 400mg, delayed-release capsules, 30 Caps",Didanosine,Generic,400mg,Delayed-release capsules,30.0,1008.0,20160.0,20.0,0.67,"Aurobindo Unit III, India",Yes,213.0,3024.36,reasonable,28.26,reasonable
34456.0,Ghana,PMO - US,Direct Drop,EXW,Air,0.0,No,ARV,Adult,STRIDES ARCOLAB LIMITED,"Efavirenz 600mg, tablets, 30 Tabs",Efavirenz,Generic,600mg,Tablet,30.0,33144.0,105729.36,3.19,0.11,"Strides, Bangalore, India.",Yes,1874.0,9507.26,expensive,108.69,expensive
61623.0,Haiti,PMO - US,Direct Drop,EXW,Ocean,0.0,No,ARV,Pediatric,Aurobindo Pharma Limited,"Nevirapine 50mg, dispersible tablets (tablets for oral suspension), 30 Tabs",Nevirapine,Generic,50mg,Chewable/dispersible tablet,30.0,2293.0,2866.25,1.25,0.04,"Aurobindo Unit III, India",Yes,122.0,2461.63,reasonable,3.55,reasonable
62228.0,Nigeria,PMO - US,Direct Drop,EXW,Air,1.0,Yes,HRDT,HIV test,"Orgenics, Ltd","HIV 1/2, Determine Complete HIV Kit, 100 Tests","HIV 1/2, Determine Complete HIV Kit",Determine,N/A,Test kit,100.0,10364.0,922396.0,89.0,0.89,"Alere Medical Co., Ltd.",Yes,4212.0,62466.03,expensive,948.22,expensive
1888.0,Rwanda,PMO - US,Direct Drop,CIP,Air,0.0,No,ARV,Adult,Aurobindo Pharma Limited,"Lamivudine/Nevirapine/Zidovudine 150/200/300mg, tablets, 60 Tabs",Lamivudine/Nevirapine/Zidovudine,Generic,150/300/200mg,Tablet - FDC,60.0,47879.0,569281.31,11.89,0.2,"Aurobindo Unit III, India",Yes,5311.0,30408.04,expensive,910.85,expensive
1973.0,Ethiopia,PMO - US,Direct Drop,EXW,Air,0.0,No,HRDT,HIV test,"CHEMBIO DIAGNOSTIC SYSTEMS, INC.","HIV 1/2, Stat-Pak HIV, Kit, 20 Tests","HIV 1/2, Stat-Pak HIV, Kit",Stat-Pak,N/A,Test kit,20.0,3982.0,107514.0,27.0,1.35,Chembio Diagnostics Sys. Inc.,Yes,1445.0,7303.25,expensive,210.73,expensive
10438.0,Vietnam,PMO - US,Direct Drop,EXW,Air,0.0,No,ARV,Adult,MYLAN LABORATORIES LTD (FORMERLY MATRIX LABORATORIES),"Efavirenz 600mg, tablets, 30 Tabs",Efavirenz,Generic,600mg,Tablet,30.0,22512.0,146328.0,6.5,0.22,Mylan (formerly Matrix) Nashik,Yes,1775.0,5761.87,expensive,286.8,expensive
71386.0,Nigeria,PMO - US,Direct Drop,EXW,Air,0.0,No,HRDT,HIV test,"Orgenics, Ltd","HIV 1/2, Determine Complete HIV Kit, 100 Tests","HIV 1/2, Determine Complete HIV Kit",Determine,N/A,Test kit,100.0,6350.0,565150.0,89.0,0.89,"Alere Medical Co., Ltd.",Yes,2575.0,29274.16,expensive,665.18,expensive
48151.0,Rwanda,PMO - US,Direct Drop,EXW,Air,0.0,No,ARV,Adult,Aurobindo Pharma Limited,"Lamivudine/Tenofovir Disoproxil Fumarate 300/300mg, tablets, 30 Tabs",Lamivudine/Tenofovir Disoproxil Fumarate,Generic,300/300mg,Tablet - FDC,30.0,42074.0,225095.9,5.35,0.18,"Aurobindo Unit VII, IN",Yes,4105.0,25382.52,expensive,315.58,expensive
58716.0,Uganda,PMO - US,Direct Drop,DDP,Air,0.0,No,ARV,Adult,ASPEN PHARMACARE,"Darunavir 300mg [Prezista], tablets, 120 Tabs",Darunavir,Prezista,300mg,Tablet,120.0,173.0,11521.8,66.6,0.55,"Aspen-OSD, Port Elizabeth, SA",Yes,35.0,251.52,reasonable,16.15,reasonable
70788.0,Nigeria,PMO - US,Direct Drop,EXW,Air,0.0,No,HRDT,HIV test,"Orgenics, Ltd","HIV 1/2, Determine Complete HIV Kit, 100 Tests","HIV 1/2, Determine Complete HIV Kit",Determine,N/A,Test kit,100.0,3200.0,284800.0,89.0,0.89,"Alere Medical Co., Ltd.",Yes,1533.0,35813.98,expensive,399.29,expensive
57747.0,Haiti,PMO - US,Direct Drop,EXW,Air,0.0,No,ARV,Pediatric,Aurobindo Pharma Limited,"Nevirapine 50mg, dispersible tablets (tablets for oral suspension), 30 Tabs",Nevirapine,Generic,50mg,Chewable/dispersible tablet,30.0,2891.0,3613.75,1.25,0.04,"Aurobindo Unit III, India",Yes,156.0,1887.58,reasonable,5.07,reasonable
33882.0,South Africa,PMO - US,Direct Drop,DDP,Ocean,0.0,No,ARV,Adult,CIPLA LIMITED,"Tenofovir Disoproxil Fumarate 300mg, tablets, 30 Tabs",Tenofovir Disoproxil Fumarate,Generic,300mg,Tablet,30.0,150000.0,1029000.0,6.86,0.23,"Cipla, Goa, India",Yes,10151.0,19569.93,expensive,1697.85,expensive
10086.0,Ethiopia,PMO - US,Direct Drop,EXW,Air,0.0,No,HRDT,HIV test,"CHEMBIO DIAGNOSTIC SYSTEMS, INC.","HIV 1/2, Stat-Pak HIV, Kit, 20 Tests","HIV 1/2, Stat-Pak HIV, Kit",Stat-Pak,N/A,Test kit,20.0,3711.0,100197.0,27.0,1.35,Chembio Diagnostics Sys. Inc.,Yes,1341.0,6112.63,expensive,196.39,expensive
80423.0,Uganda,PMO - US,Direct Drop,EXW,Air,0.0,No,ARV,Adult,ASPEN PHARMACARE,"Darunavir 300mg [Prezista], tablets, 120 Tabs",Darunavir,Prezista,300mg,Tablet,120.0,175.0,15750.0,90.0,0.75,"Aspen-OSD, Port Elizabeth, SA",Yes,37.0,1333.01,reasonable,25.99,reasonable
32313.0,Rwanda,PMO - US,Direct Drop,CIP,Air,0.0,No,ARV,Adult,Aurobindo Pharma Limited,"Didanosine 400mg, delayed-release capsules, 30 Caps",Didanosine,Generic,400mg,Delayed-release capsules,30.0,595.0,12048.75,20.25,0.68,"Aurobindo Unit III, India",Yes,87.0,255.0,reasonable,25.98,reasonable
7975.0,Uganda,PMO - US,Direct Drop,EXW,Air,0.0,No,ARV,Adult,ASPEN PHARMACARE,"Lamivudine/Zidovudine+Nevirapine 150/300+200mg, tablets, co-blister, 60+60 Tabs",Lamivudine/Zidovudine+Nevirapine,Generic,150/300+200mg,Tablet - FDC + co-blister,120.0,1270.0,26670.0,21.0,0.18,"Aspen-OSD, Port Elizabeth, SA",Yes,201.0,1262.91,reasonable,,reasonable
78435.0,Namibia,PMO - US,Direct Drop,EXW,Air,0.0,No,HRDT,HIV test,"Orgenics, Ltd","HIV 1/2, Determine HIV Kit, without Lancets, 100 Tests","HIV 1/2, Determine HIV Kit, without Lancets",Determine,N/A,Test kit,100.0,100.0,7770.0,77.7,0.78,Inverness Japan,Yes,24.0,677.37,reasonable,12.82,reasonable
55064.0,Ethiopia,PMO - US,Direct Drop,EXW,Air,0.0,No,HRDT,HIV test,"Trinity Biotech, Plc","HIV 1/2, Uni-Gold HIV Kit, 20 Tests","HIV 1/2, Uni-Gold HIV Kit",Uni-Gold,N/A,Test kit,20.0,170.0,5440.0,32.0,1.6,"Trinity Biotech, Plc",Yes,58.0,143.57,reasonable,6.4,reasonable
77780.0,Uganda,PMO - US,Direct Drop,CIP,Air,0.0,No,ARV,Adult,MERCK SHARP & DOHME IDEA GMBH (FORMALLY MERCK SHARP & DOHME B.V.),"Raltegravir 400mg [Isentress], tablets, 60 Tabs",Raltegravir,Isentress,400mg,Tablet,60.0,168.0,9324.0,55.5,0.92,"MSD, Haarlem, NL",Yes,35.0,886.0,reasonable,13.07,reasonable
4193.0,Rwanda,PMO - US,Direct Drop,CIP,Air,0.0,No,ARV,Adult,CIPLA LIMITED,"Lamivudine/Nevirapine/Stavudine 150/200/30mg, tablets, 60 Tabs",Lamivudine/Nevirapine/Stavudine,Generic,150/200/30mg,Tablet - FDC,60.0,38784.0,271488.0,7.0,0.12,"Cipla, Goa, India",Yes,4124.0,10500.0,expensive,434.38,expensive
40665.0,Ethiopia,PMO - US,Direct Drop,EXW,Air,0.0,No,HRDT,HIV test,"SHANGHAI KEHUA BIOENGINEERING CO.,LTD.  (KHB)","HIV 1/2, SKB Colloidal Gold, Diagnostic Kit, Antibody, 50 Tests","HIV 1/2, Colloidal Gold, Diagnostic Kit, Antibody",Colloidal Gold,N/A,Test kit,1.0,25004.0,612598.0,24.5,24.5,"KHB Test Kit Facility, Shanghai China",Yes,17367.0,161962.32,expensive,858.86,expensive
72085.0,Rwanda,PMO - US,Direct Drop,EXW,Ocean,0.0,No,ARV,Adult,HETERO LABS LIMITED,"Efavirenz 600mg, tablets, 30 Tabs",Efavirenz,Generic,600mg,Tablet,30.0,20370.0,72720.9,3.57,0.12,Hetero Unit III Hyderabad IN,Yes,1619.0,9054.61,expensive,101.95,expensive
78589.0,Botswana,PMO - US,Direct Drop,EXW,Air,0.0,No,ARV,Adult,HETERO LABS LIMITED,"Efavirenz/Emtricitabine/Tenofovir Disoproxil Fumarate 600/200/300mg, tablets, 30 Tabs",Efavirenz/Emtricitabine/Tenofovir Disoproxil Fumarate,Generic,600/200/300mg,Tablet - FDC,30.0,34735.0,362286.05,10.43,0.35,"Hetero, Jadcherla, unit 5, IN",Yes,4260.0,21035.49,expensive,426.41,expensive
20274.0,Vietnam,PMO - US,Direct Drop,EXW,Air,0.0,No,ARV,Adult,HETERO LABS LIMITED,"Efavirenz/Lamivudine/Tenofovir Disoproxil Fumarate 600/300/300mg, tablets, 30 Tabs",Efavirenz/Lamivudine/Tenofovir Disoproxil Fumarate,Generic,600/300/300mg,Tablet - FDC,30.0,17280.0,181440.0,10.5,0.35,Hetero Unit III Hyderabad IN,Yes,2401.0,3701.66,reasonable,186.52,reasonable
50876.0,Rwanda,PMO - US,Direct Drop,EXW,Ocean,0.0,No,ARV,Adult,HETERO LABS LIMITED,"Lamivudine/Nevirapine/Stavudine 150/200/30mg, tablets, 60 Tabs",Lamivudine/Nevirapine/Stavudine,Generic,150/200/30mg,Tablet - FDC,60.0,63410.0,278369.9,4.39,0.07,Hetero Unit III Hyderabad IN,Yes,6589.0,17075.43,expensive,390.27,expensive
67023.0,Guyana,PMO - US,Direct Drop,EXW,Air,0.0,No,ARV,Adult,HETERO LABS LIMITED,"Emtricitabine/Tenofovir Disoproxil Fumarate 200/300mg, tablets, 30 Tabs",Emtricitabine/Tenofovir Disoproxil Fumarate,Generic,200/300mg,Tablet - FDC,30.0,2175.0,12158.25,5.59,0.19,Hetero Unit III Hyderabad IN,Yes,252.0,2531.62,reasonable,12.5,reasonable
1527.0,Nigeria,PMO - US,Direct Drop,EXW,Air,0.0,No,HRDT,HIV test,"CHEMBIO DIAGNOSTIC SYSTEMS, INC.","HIV 1/2, Stat-Pak HIV, Kit, 20 Tests","HIV 1/2, Stat-Pak HIV, Kit",Stat-Pak,N/A,Test kit,20.0,10000.0,270000.0,27.0,1.35,Chembio Diagnostics Sys. Inc.,Yes,3336.0,28002.75,expensive,432.0,expensive
65241.0,Malawi,PMO - US,Direct Drop,EXW,Air,0.0,No,HRDT,HIV test,"Trinity Biotech, Plc","HIV 1/2, Uni-Gold HIV Kit, 20 Tests","HIV 1/2, Uni-Gold HIV Kit",Uni-Gold,N/A,Test kit,20.0,15.0,480.0,32.0,1.6,"Trinity Biotech, Plc",Yes,5.0,572.55,reasonable,0.59,reasonable
25220.0,Nigeria,PMO - US,Direct Drop,EXW,Air,1.0,Yes,HRDT,HIV test,"Orgenics, Ltd","HIV 1/2, Determine Complete HIV Kit, 100 Tests","HIV 1/2, Determine Complete HIV Kit",Determine,N/A,Test kit,100.0,2352.0,209328.0,89.0,0.89,"Alere Medical Co., Ltd.",Yes,1058.0,21683.23,expensive,293.48,expensive
30022.0,Uganda,PMO - US,Direct Drop,EXW,Air,0.0,No,ARV,Adult,Aurobindo Pharma Limited,"Didanosine 250mg, delayed-release capsules, 30 Caps",Didanosine,Generic,250mg,Delayed-release capsules,30.0,677.0,8801.0,13.0,0.43,"Aurobindo Unit III, India",Yes,46.0,1458.88,reasonable,10.89,reasonable
74268.0,Namibia,PMO - US,Direct Drop,EXW,Air,0.0,No,HRDT,HIV test,"Orgenics, Ltd","HIV 1/2, Determine HIV Kit, without Lancets, 100 Tests","HIV 1/2, Determine HIV Kit, without Lancets",Determine,N/A,Test kit,100.0,200.0,14000.0,70.0,0.7,Inverness Japan,Yes,45.0,10486.42,expensive,30.18,expensive
57738.0,Cameroon,PMO - US,Direct Drop,EXW,Air,0.0,No,ARV,Adult,MYLAN LABORATORIES LTD (FORMERLY MATRIX LABORATORIES),"Efavirenz/Lamivudine/Tenofovir Disoproxil Fumarate 600/300/300mg, tablets, 30 Tabs",Efavirenz/Lamivudine/Tenofovir Disoproxil Fumarate,Generic,600/300/300mg,Tablet - FDC,30.0,44407.0,495138.05,11.15,0.37,Mylan (formerly Matrix) Nashik,Yes,5016.0,43408.7,expensive,612.49,expensive
78427.0,"Congo, DRC",PMO - US,Direct Drop,FCA,Air,1.0,Yes,ARV,Pediatric,ABBVIE LOGISTICS (FORMERLY ABBOTT LOGISTICS BV),"Lopinavir/Ritonavir 100/25mg [Aluvia], tablets, 60 Tabs",Lopinavir/Ritonavir,Generic,100/25mg,Tablet,60.0,24.0,142.56,5.94,0.1,ABBVIE Ludwigshafen Germany,Yes,8.0,767.87,reasonable,0.18,reasonable
37506.0,Vietnam,PMO - US,Direct Drop,FCA,Air,0.0,No,ARV,Adult,ABBVIE LOGISTICS (FORMERLY ABBOTT LOGISTICS BV),"Lopinavir/Ritonavir 200/50mg [Aluvia], tablets, 120 Tabs",Lopinavir/Ritonavir,Aluvia,200/50mg,Tablet,120.0,4165.0,342363.0,82.2,0.68,ABBVIE Ludwigshafen Germany,Yes,1010.0,5417.87,expensive,738.13,expensive
7696.0,Haiti,PMO - US,Direct Drop,EXW,Air,0.0,No,ARV,Pediatric,Aurobindo Pharma Limited,"Efavirenz 50mg, capsule, 30 Caps",Efavirenz,Generic,50mg,Capsule,30.0,1242.0,2782.08,2.24,0.07,"Aurobindo Unit III, India",Yes,96.0,1448.55,reasonable,5.45,reasonable
3294.0,Uganda,PMO - US,Direct Drop,CIP,Air,0.0,No,ARV,Adult,BRISTOL-MYERS SQUIBB,"Didanosine EC 400mg [Videx EC], delayed-release capsules, Blister 3 x 10 Caps",Didanosine EC,Videx EC,400mg,Delayed-release capsules - blister,30.0,50.0,1183.5,23.67,0.79,"BMS Meymac, France",Yes,2.0,330.0,reasonable,1.89,reasonable
30784.0,Dominican Republic,PMO - US,Direct Drop,EXW,Air,0.0,No,ARV,Adult,Aurobindo Pharma Limited,"Lopinavir/Ritonavir 200/50mg, tablets, 120 Tabs",Lopinavir/Ritonavir,Generic,200/50mg,Tablet,120.0,9242.0,323470.0,35.0,0.29,"Aurobindo Unit III, India",Yes,2373.0,16173.9,expensive,533.73,expensive
16828.0,Vietnam,PMO - US,Direct Drop,EXW,Air,0.0,No,ARV,Adult,MYLAN LABORATORIES LTD (FORMERLY MATRIX LABORATORIES),"Abacavir 300mg, tablets, 60 Tabs",Abacavir,Generic,300mg,Tablet,60.0,100.0,1750.0,17.5,0.29,Mylan (formerly Matrix) Nashik,Yes,2128.0,7784.92,expensive,3.77,expensive
63648.0,Haiti,PMO - US,Direct Drop,CIP,Air,0.0,No,ARV,Adult,MERCK SHARP & DOHME IDEA GMBH (FORMALLY MERCK SHARP & DOHME B.V.),"Indinavir 400mg [Crixivan], capsules, 180 Caps",Indinavir,Crixivan,400mg,Capsule,180.0,28.0,1400.0,50.0,0.28,"MSD, Haarlem, NL",Yes,7.0,290.0,reasonable,3.02,reasonable
9390.0,Zimbabwe,PMO - US,Direct Drop,EXW,Air,0.0,No,HRDT,HIV test,Orasure Technologies Inc.,"HIV 1/2, OraQuick Advance HIV Rapid Antibody Kit, 100 Tests","HIV 1/2, OraQuick Advance HIV Rapid Antibody Kit",OraQuick,N/A,Test kit,100.0,10.0,3500.0,350.0,3.5,"Pacific Biotech, Thailand",Yes,24.0,536.08,reasonable,5.6,reasonable
6253.0,Namibia,PMO - US,Direct Drop,EXW,Air,0.0,No,HRDT,HIV test,"Trinity Biotech, Plc","HIV 1/2, Uni-Gold HIV Kit, 20 Tests","HIV 1/2, Uni-Gold HIV Kit",Uni-Gold,N/A,Test kit,20.0,700.0,22400.0,32.0,1.6,"Trinity Biotech, Plc",Yes,236.0,6862.01,expensive,43.9,expensive
28318.0,Dominican Republic,PMO - US,Direct Drop,EXW,Air,0.0,No,HRDT,HIV test,"Orgenics, Ltd","HIV 1/2, Determine Complete HIV Kit, 100 Tests","HIV 1/2, Determine Complete HIV Kit",Determine,N/A,Test kit,100.0,1775.0,163300.0,92.0,0.92,"Alere Medical Co., Ltd.",Yes,791.0,12643.47,expensive,202.0,expensive
1279.0,Zimbabwe,PMO - US,Direct Drop,CIP,Air,0.0,No,ARV,Adult,INTERNATIONAL HEALTHCARE DISTRIBUTORS,"Lopinavir/Ritonavir 133.3/33.3mg [Kaletra], capsules, cool, 2 x 90 Caps",Lopinavir/Ritonavir,Kaletra,133.3/33.3mg,Capsule,180.0,260.0,11096.8,42.68,0.24,ABBVIE (Abbott) St. P'burg USA,Yes,135.0,,,,expensive
36810.0,Kenya,PMO - US,Direct Drop,EXW,Air,0.0,No,HRDT,HIV test,"Orgenics, Ltd","HIV 1/2, Determine Complete HIV Kit, 100 Tests","HIV 1/2, Determine Complete HIV Kit",Determine,N/A,Test kit,100.0,6959.0,619351.0,89.0,0.89,"Alere Medical Co., Ltd.",Yes,1198.0,13543.63,expensive,1021.93,expensive
48623.0,Uganda,PMO - US,Direct Drop,EXW,Air,0.0,No,ARV,Adult,MYLAN LABORATORIES LTD (FORMERLY MATRIX LABORATORIES),"Atazanavir/Ritonavir 300/100mg, tablets, 30 Tabs",Atazanavir/Ritonavir,Generic,300/100mg,Tablet,30.0,1558.0,35055.0,22.5,0.75,Mylan (formerly Matrix) Nashik,Yes,195.0,3387.72,reasonable,49.15,reasonable
22698.0,Guyana,PMO - US,Direct Drop,EXW,Air,0.0,No,ARV,Adult,"PUETRO RICO PHARMACEUTICAL, INC.","Emtricitabine/Tenofovir Disoproxil Fumarate 200/300mg [Truvada], tablets, 30 Tabs",Emtricitabine/Tenofovir Disoproxil Fumarate,Truvada,300/200mg,Tablet - FDC,30.0,4900.0,147931.0,30.19,1.01,Gilead(Nycomed) Oranienburg DE,Yes,390.0,2748.16,reasonable,289.94,reasonable
4457.0,Vietnam,PMO - US,Direct Drop,EXW,Air,0.0,No,ARV,Adult,Aurobindo Pharma Limited,"Nevirapine 200mg, tablets, 60 Tabs",Nevirapine,Generic,200mg,Tablet,60.0,2180.0,6997.8,3.21,0.05,"Aurobindo Unit III, India",Yes,242.0,5881.57,expensive,11.2,expensive
27092.0,Uganda,PMO - US,Direct Drop,FCA,Air,0.0,No,ARV,Pediatric,ABBVIE LOGISTICS (FORMERLY ABBOTT LOGISTICS BV),"Lopinavir/Ritonavir 100/25mg [Aluvia], tablets, 60 Tabs",Lopinavir/Ritonavir,Generic,100/25mg,Tablet,60.0,2565.0,15236.1,5.94,0.1,ABBVIE Ludwigshafen Germany,Yes,304.0,2808.12,reasonable,18.85,reasonable
70763.0,Vietnam,PMO - US,Direct Drop,EXW,Air,0.0,No,ARV,Adult,Aurobindo Pharma Limited,"Tenofovir Disoproxil Fumarate 300mg, tablets, 30 Tabs",Tenofovir Disoproxil Fumarate,Generic,300mg,Tablet,30.0,8400.0,65100.0,7.75,0.26,"Aurobindo Unit III, India",Yes,909.0,5964.52,expensive,140.36,expensive
28676.0,Guyana,PMO - US,Direct Drop,EXW,Air,0.0,No,HRDT,HIV test,"Trinity Biotech, Plc","HIV 1/2, Uni-Gold HIV Kit, 20 Tests","HIV 1/2, Uni-Gold HIV Kit",Uni-Gold,N/A,Test kit,20.0,3140.0,100480.0,32.0,1.6,"Trinity Biotech, Plc",Yes,1024.0,10304.62,expensive,124.29,expensive
2756.0,Nigeria,PMO - US,Direct Drop,EXW,Air,0.0,No,HRDT,HIV test,"CHEMBIO DIAGNOSTIC SYSTEMS, INC.","HIV 1/2, Stat-Pak HIV, Kit, 20 Tests","HIV 1/2, Stat-Pak HIV, Kit",Stat-Pak,N/A,Test kit,20.0,8000.0,216000.0,27.0,1.35,Chembio Diagnostics Sys. Inc.,Yes,2603.0,22838.29,expensive,345.6,expensive
67195.0,Guyana,PMO - US,Direct Drop,FCA,Air,0.0,No,ARV,Pediatric,ABBVIE LOGISTICS (FORMERLY ABBOTT LOGISTICS BV),"Lopinavir/Ritonavir 80/20mg/ml [Kaletra], oral solution, cool, Bottle 5 x 60 ml",Lopinavir/Ritonavir,Kaletra,80/20mg/ml,Oral solution,300.0,17.0,1033.94,60.82,0.2,ABBVIE (Abbott) Logis. UK,Yes,50.0,828.23,reasonable,1.06,reasonable
5279.0,Vietnam,PMO - US,Direct Drop,EXW,Air,0.0,No,ARV,Adult,SUN PHARMACEUTICAL INDUSTRIES LTD (RANBAXY LABORATORIES LIMITED),"Lamivudine 150mg, tablets, 60 Tabs",Lamivudine,Generic,150mg,Tablet,60.0,98400.0,329640.0,3.35,0.06,"Ranbaxy, Paonta Shahib, India",Yes,4300.0,27923.26,expensive,,expensive
14605.0,Haiti,PMO - US,Direct Drop,EXW,Ocean,0.0,No,ARV,Adult,HETERO LABS LIMITED,"Efavirenz 600mg, tablets, 30 Tabs",Efavirenz,Generic,600mg,Tablet,30.0,71376.0,231258.24,3.24,0.11,"Hetero, Jadcherla, unit 5, IN",Yes,5864.0,7558.01,expensive,286.07,expensive
6624.0,Zambia,PMO - US,Direct Drop,EXW,Air,0.0,No,ARV,Adult,"GILEAD SCIENCES IRELAND, INC.","Emtricitabine/Tenofovir Disoproxil Fumarate 200/300mg [Truvada], tablets, 30 Tabs",Emtricitabine/Tenofovir Disoproxil Fumarate,Truvada,300/200mg,Tablet - FDC,30.0,14851.0,389838.75,26.25,0.88,Gilead(Nycomed) Oranienburg DE,Yes,1244.0,6546.69,expensive,,expensive
31116.0,Vietnam,PMO - US,Direct Drop,EXW,Air,0.0,No,ARV,Adult,MYLAN LABORATORIES LTD (FORMERLY MATRIX LABORATORIES),"Lamivudine/Nevirapine/Zidovudine 150/200/300mg, tablets, 60 Tabs",Lamivudine/Nevirapine/Zidovudine,Generic,150/300/200mg,Tablet - FDC,60.0,18406.0,202466.0,11.0,0.18,Mylan (formerly Matrix) Nashik,Yes,2571.0,13880.57,expensive,334.07,expensive
51410.0,Haiti,PMO - US,Direct Drop,EXW,Ocean,0.0,No,ARV,Adult,Aurobindo Pharma Limited,"Efavirenz 600mg, tablets, 30 Tabs",Efavirenz,Generic,600mg,Tablet,30.0,39554.0,130528.2,3.3,0.11,"Aurobindo Unit VII, IN",Yes,3823.0,11051.22,expensive,134.18,expensive
78346.0,Vietnam,PMO - US,Direct Drop,EXW,Air,0.0,No,ARV,Adult,MYLAN LABORATORIES LTD (FORMERLY MATRIX LABORATORIES),"Efavirenz 600mg, tablets, 30 Tabs",Efavirenz,Generic,600mg,Tablet,30.0,48235.0,207410.5,4.3,0.14,Mylan (formerly Matrix) Nashik,Yes,3919.0,11372.45,expensive,447.18,expensive
27200.0,South Africa,PMO - US,Direct Drop,DDP,Air,0.0,No,ARV,Adult,HETERO LABS LIMITED,"Efavirenz 600mg, tablets, 30 Tabs",Efavirenz,Generic,600mg,Tablet,30.0,92500.0,435675.0,4.71,0.16,Hetero Unit III Hyderabad IN,Yes,8025.0,9706.85,expensive,718.86,expensive
46156.0,Tanzania,PMO - US,Direct Drop,EXW,Air,0.0,No,HRDT,HIV test,"Orgenics, Ltd","HIV 1/2, Determine Complete HIV Kit, 100 Tests","HIV 1/2, Determine Complete HIV Kit",Determine,N/A,Test kit,100.0,2926.0,234080.0,80.0,0.8,"Alere Medical Co., Ltd.",Yes,1394.0,24596.33,expensive,328.18,expensive
77038.0,Swaziland,PMO - US,Direct Drop,EXW,Air,0.0,No,HRDT,HIV test,"Trinity Biotech, Plc","HIV 1/2, Uni-Gold HIV Kit, 20 Tests","HIV 1/2, Uni-Gold HIV Kit",Uni-Gold,N/A,Test kit,20.0,1270.0,40640.0,32.0,1.6,"Trinity Biotech, Plc",Yes,429.0,4726.15,reasonable,67.06,reasonable
16784.0,Vietnam,PMO - US,Direct Drop,EXW,Air,0.0,No,ARV,Adult,HETERO LABS LIMITED,"Tenofovir Disoproxil Fumarate 300mg, tablets, 30 Tabs",Tenofovir Disoproxil Fumarate,Generic,300mg,Tablet,30.0,34640.0,122972.0,3.55,0.12,Hetero Unit III Hyderabad IN,Yes,2804.0,9759.55,expensive,152.12,expensive
9489.0,Vietnam,PMO - US,Direct Drop,EXW,Air,1.0,Yes,ARV,Adult,SUN PHARMACEUTICAL INDUSTRIES LTD (RANBAXY LABORATORIES LIMITED),"Zidovudine 300mg, tablets, 60 Tabs",Zidovudine,Generic,300mg,Tablet,60.0,600.0,5028.0,8.38,0.14,"Ranbaxy, Paonta Shahib, India",Yes,34.0,2127.22,reasonable,8.04,reasonable
75980.0,Kenya,PMO - US,Direct Drop,EXW,Air,0.0,No,HRDT,HIV test,"Orgenics, Ltd","HIV 1/2, Determine Complete HIV Kit, 100 Tests","HIV 1/2, Determine Complete HIV Kit",Determine,N/A,Test kit,100.0,8500.0,680000.0,80.0,0.8,Inverness Japan,Yes,1462.0,14419.86,expensive,1466.08,expensive
76071.0,Mozambique,PMO - US,Direct Drop,EXW,Air,0.0,No,HRDT,HIV test,"Orgenics, Ltd","HIV 1/2, Determine Complete HIV Kit, 100 Tests","HIV 1/2, Determine Complete HIV Kit",Determine,N/A,Test kit,100.0,3300.0,237600.0,72.0,0.72,Inverness Japan,Yes,1593.0,29373.14,expensive,465.7,expensive
75733.0,South Sudan,PMO - US,Direct Drop,EXW,Air,0.0,No,ARV,Pediatric,CIPLA LIMITED,"Lamivudine/Zidovudine 30/60mg, dispersible tablets, 60 Tabs",Lamivudine/Zidovudine,Generic,30/60mg,Chewable/dispersible tablet - FDC,60.0,635.0,1206.5,1.9,0.03,"Cipla, Goa, India",Yes,59.0,1944.99,reasonable,1.24,reasonable
33872.0,Vietnam,PMO - US,Direct Drop,EXW,Air,0.0,No,ARV,Adult,HETERO LABS LIMITED,"Efavirenz/Lamivudine/Tenofovir Disoproxil Fumarate 600/300/300mg, tablets, 30 Tabs",Efavirenz/Lamivudine/Tenofovir Disoproxil Fumarate,Generic,600/300/300mg,Tablet - FDC,30.0,22752.0,238896.0,10.5,0.35,Hetero Unit III Hyderabad IN,Yes,3195.0,5583.11,expensive,245.59,expensive
43140.0,Tanzania,PMO - US,Direct Drop,EXW,Air,0.0,No,ARV,Adult,HETERO LABS LIMITED,"Nevirapine 200mg, tablets, 60 Tabs",Nevirapine,Generic,200mg,Tablet,60.0,96200.0,209716.0,2.18,0.04,Hetero Unit III Hyderabad IN,Yes,6320.0,33343.63,expensive,215.59,expensive
5987.0,Cote d'Ivoire,PMO - US,Direct Drop,EXW,Air,0.0,No,HRDT,HIV test,"Orgenics, Ltd","HIV 1/2, Determine HIV Kit, without Lancets, 100 Tests","HIV 1/2, Determine HIV Kit, without Lancets",Determine,N/A,Test kit,100.0,1174.0,82180.0,70.0,0.7,Inverness Japan,Yes,275.0,4015.0,reasonable,131.49,reasonable
24324.0,South Africa,PMO - US,Direct Drop,DDP,Air,0.0,No,ARV,Adult,STRIDES ARCOLAB LIMITED,"Lamivudine 150mg, tablets, 60 Tabs",Lamivudine,Generic,150mg,Tablet,60.0,303125.0,779031.25,2.57,0.04,"Strides, Bangalore, India.",Yes,15006.0,20134.62,expensive,1679.59,expensive
44737.0,Vietnam,PMO - US,Direct Drop,EXW,Air,0.0,No,ARV,Adult,MYLAN LABORATORIES LTD (FORMERLY MATRIX LABORATORIES),"Tenofovir Disoproxil Fumarate 300mg, tablets, 30 Tabs",Tenofovir Disoproxil Fumarate,Generic,300mg,Tablet,30.0,20142.0,99702.9,4.95,0.16,Mylan (formerly Matrix) Nashik,Yes,6142.0,13850.65,expensive,139.78,expensive
81651.0,Cote d'Ivoire,PMO - US,Direct Drop,EXW,Air,0.0,No,HRDT,HIV test,"CHEMBIO DIAGNOSTIC SYSTEMS, INC.","HIV 1/2, Stat-Pak HIV, Kit, 20 Tests","HIV 1/2, Stat-Pak HIV, Kit",Stat-Pak,N/A,Test kit,20.0,600.0,18600.0,31.0,1.55,Chembio Diagnostics Sys. Inc.,Yes,172.0,,,19.12,expensive
37979.0,Zimbabwe,PMO - US,Direct Drop,FCA,Air,0.0,No,ARV,Pediatric,ABBVIE LOGISTICS (FORMERLY ABBOTT LOGISTICS BV),"Lopinavir/Ritonavir 80/20mg/ml [Kaletra], oral solution, cool, Bottle 5 x 60 ml",Lopinavir/Ritonavir,Kaletra,80/20mg/ml,Oral solution,300.0,1500.0,46230.0,30.82,0.1,ABBVIE (Abbott) Logis. UK,Yes,1374.0,15593.13,expensive,64.81,expensive
45848.0,"Congo, DRC",PMO - US,Direct Drop,FCA,Air,0.0,No,ARV,Pediatric,ABBVIE LOGISTICS (FORMERLY ABBOTT LOGISTICS BV),"Lopinavir/Ritonavir 80/20mg/ml [Kaletra], oral solution, cool, Bottle 5 x 60 ml",Lopinavir/Ritonavir,Kaletra,80/20mg/ml,Oral solution,300.0,20.0,616.4,30.82,0.1,ABBVIE (Abbott) Logis. UK,Yes,52.0,1573.41,reasonable,0.76,reasonable
36431.0,South Africa,PMO - US,Direct Drop,DDP,Ocean,1.0,Yes,ARV,Adult,CIPLA LIMITED,"Nevirapine 200mg, tablets, 60 Tabs",Nevirapine,Generic,200mg,Tablet,60.0,35364.0,96190.08,2.72,0.05,"Cipla, Goa, India",Yes,3793.0,8527.45,expensive,158.71,expensive
68779.0,Vietnam,PMO - US,Direct Drop,EXW,Air,0.0,No,ARV,Adult,Aurobindo Pharma Limited,"Lamivudine/Zidovudine 150/300mg, tablets, 60 Tabs",Lamivudine/Zidovudine,Generic,150/300mg,Tablet - FDC,60.0,11004.0,94084.2,8.55,0.14,"Aurobindo Unit III, India",Yes,1073.0,9535.67,expensive,202.85,expensive
3989.0,Haiti,PMO - US,Direct Drop,EXW,Air,0.0,No,HRDT,HIV test,"Trinity Biotech, Plc","HIV 1/2, Capillus HIV Kit, 100 Tests","HIV 1/2, Capillus HIV Kit",Capillus,N/A,Test kit,100.0,125.0,17375.0,139.0,1.39,"Trinity Biotech, Plc",Yes,78.0,4702.79,reasonable,,reasonable
68515.0,Cote d'Ivoire,PMO - US,Direct Drop,EXW,Air,0.0,No,HRDT,HIV test,"Standard Diagnostics, Inc.","HIV 1/2, Bioline 3.0 Kit, Lancets, Capillary pipets, Alcohol swabs included, 25 Tests","HIV 1/2, Bioline 3.0 Kit, Lancets, Capillary pipets, Alcohol swabs included",Bioline,N/A,Test kit,25.0,1354.0,27080.0,20.0,0.8,"Standard Diagnostics, Korea",Yes,422.0,5054.68,expensive,44.68,expensive
1262.0,Haiti,PMO - US,Direct Drop,EXW,Air,0.0,No,HRDT,HIV test,Orasure Technologies Inc.,"HIV 1/2, OraQuick Advance HIV Rapid Antibody Kit, 100 Tests","HIV 1/2, OraQuick Advance HIV Rapid Antibody Kit",OraQuick,N/A,Test kit,100.0,15.0,6000.0,400.0,4.0,"Pacific Biotech, Thailand",Yes,36.0,1195.29,reasonable,,reasonable
45608.0,Kenya,PMO - US,Direct Drop,EXW,Air,0.0,No,HRDT,HIV test,"Trinity Biotech, Plc","HIV 1/2, Uni-Gold HIV Kit, 20 Tests","HIV 1/2, Uni-Gold HIV Kit",Uni-Gold,N/A,Test kit,20.0,500.0,16000.0,32.0,1.6,"Trinity Biotech, Plc",Yes,170.0,2865.63,reasonable,31.36,reasonable
70508.0,South Africa,PMO - US,Direct Drop,DDP,Ocean,0.0,No,ARV,Adult,Aurobindo Pharma Limited,"Tenofovir Disoproxil Fumarate 300mg, tablets, 30 Tabs",Tenofovir Disoproxil Fumarate,Generic,300mg,Tablet,30.0,80381.0,555432.71,6.91,0.23,"Aurobindo Unit III, India",Yes,7503.0,6147.08,expensive,1197.51,expensive
1347.0,Nigeria,PMO - US,Direct Drop,EXW,Air,0.0,No,HRDT,HIV test,Abbott GmbH & Co. KG,"HIV 1/2, Determine Complete HIV Kit, 100 Tests","HIV 1/2, Determine Complete HIV Kit",Determine,N/A,Test kit,100.0,3500.0,280000.0,80.0,0.8,ABBVIE GmbH & Co.KG Wiesbaden,Yes,1194.0,5858.57,expensive,448.0,expensive
14286.0,Cote d'Ivoire,PMO - US,Direct Drop,EXW,Air,0.0,No,HRDT,HIV test,"CHEMBIO DIAGNOSTIC SYSTEMS, INC.","HIV 1/2, Stat-Pak HIV, Kit, 20 Tests","HIV 1/2, Stat-Pak HIV, Kit",Stat-Pak,N/A,Test kit,20.0,1900.0,55100.0,29.0,1.45,Chembio Diagnostics Sys. Inc.,Yes,550.0,8263.16,expensive,68.16,expensive
31712.0,Vietnam,PMO - US,Direct Drop,EXW,Air,0.0,No,ARV,Pediatric,MICRO LABS LIMITED,"Efavirenz 50mg, capsule, 30 Caps",Efavirenz,Generic,50mg,Capsule,30.0,1760.0,3555.2,2.02,0.07,"Micro labs, Verna, Goa, India",Yes,126.0,798.95,reasonable,4.98,reasonable
79618.0,Cote d'Ivoire,PMO - US,Direct Drop,EXW,Air,0.0,No,HRDT,HIV test,"Orgenics, Ltd","HIV 1/2, Determine Complete HIV Kit, 100 Tests","HIV 1/2, Determine Complete HIV Kit",Determine,N/A,Test kit,100.0,2943.0,235440.0,80.0,0.8,"Alere Medical Co., Ltd.",Yes,1280.0,23270.25,expensive,291.24,expensive
32540.0,Guyana,PMO - US,Direct Drop,EXW,Air,0.0,No,HRDT,HIV test,"Orgenics, Ltd","HIV 1/2, Determine Complete HIV Kit, 100 Tests","HIV 1/2, Determine Complete HIV Kit",Determine,N/A,Test kit,100.0,418.0,41800.0,100.0,1.0,Inverness Japan,Yes,205.0,6455.37,expensive,68.97,expensive
33450.0,Zimbabwe,PMO - US,Direct Drop,EXW,Air,0.0,No,HRDT,HIV test,"Orgenics, Ltd","HIV 1/2, Determine Complete HIV Kit, 100 Tests","HIV 1/2, Determine Complete HIV Kit",Determine,N/A,Test kit,100.0,1967.0,157360.0,80.0,0.8,Inverness Japan,Yes,1004.0,18612.64,expensive,259.64,expensive
21217.0,Tanzania,PMO - US,Direct Drop,EXW,Air,0.0,No,ARV,Pediatric,MYLAN LABORATORIES LTD (FORMERLY MATRIX LABORATORIES),"Lamivudine/Nevirapine/Zidovudine 30/50/60mg, dispersible tablets, 60 Tabs",Lamivudine/Nevirapine/Zidovudine,Generic,30/50/60mg,Chewable/dispersible tablet - FDC,60.0,36000.0,129600.0,3.6,0.06,Mylan (formerly Matrix) Nashik,Yes,2205.0,9815.52,expensive,133.23,expensive
9531.0,Haiti,PMO - US,Direct Drop,EXW,Air,0.0,No,HRDT,HIV test,"Orgenics, Ltd","HIV 1/2, Determine HIV Kit, without Lancets, 100 Tests","HIV 1/2, Determine HIV Kit, without Lancets",Determine,N/A,Test kit,100.0,1000.0,70000.0,70.0,0.7,Inverness Japan,Yes,228.0,4829.61,reasonable,112.0,reasonable
16556.0,Rwanda,PMO - US,Direct Drop,EXW,Air,0.0,No,ARV,Adult,CIPLA LIMITED,"Lopinavir/Ritonavir 200/50mg, tablets, 120 Tabs",Lopinavir/Ritonavir,Generic,200/50mg,Tablet,120.0,2074.0,74746.96,36.04,0.3,Cipla Ltd A-42 MIDC Mahar. IN,Yes,627.0,6072.8,expensive,104.8,expensive
39223.0,Kenya,PMO - US,Direct Drop,EXW,Air,1.0,Yes,HRDT,HIV test,"Orgenics, Ltd","HIV 1/2, Determine Complete HIV Kit, 100 Tests","HIV 1/2, Determine Complete HIV Kit",Determine,N/A,Test kit,100.0,4440.0,395160.0,89.0,0.89,"Alere Medical Co., Ltd.",Yes,1445.0,10719.64,expensive,554.01,expensive
6084.0,Mozambique,PMO - US,Direct Drop,EXW,Air,0.0,No,HRDT,HIV test,"Trinity Biotech, Plc","HIV 1/2, Uni-Gold HIV Kit, 20 Tests","HIV 1/2, Uni-Gold HIV Kit",Uni-Gold,N/A,Test kit,20.0,4916.0,157312.0,32.0,1.6,"Trinity Biotech, Plc",Yes,1651.0,23300.18,expensive,308.33,expensive
1140.0,Nigeria,PMO - US,Direct Drop,EXW,Air,0.0,No,HRDT,HIV test,"Orgenics, Ltd","HIV 1/2, Determine Complete HIV Kit, 100 Tests","HIV 1/2, Determine Complete HIV Kit",Determine,N/A,Test kit,100.0,6395.0,511600.0,80.0,0.8,Inverness Japan,Yes,1915.0,24514.33,expensive,1002.74,expensive
22600.0,South Sudan,PMO - US,Direct Drop,EXW,Air,0.0,No,HRDT,HIV test,"Orgenics, Ltd","HIV 1/2, Determine Complete HIV Kit, 100 Tests","HIV 1/2, Determine Complete HIV Kit",Determine,N/A,Test kit,100.0,250.0,22250.0,89.0,0.89,"Alere Medical Co., Ltd.",Yes,115.0,2561.61,reasonable,27.52,reasonable
1647.0,Guyana,PMO - US,Direct Drop,EXW,Air,0.0,No,HRDT,HIV test,"Orgenics, Ltd","HIV 1/2, Determine HIV Kit, without Lancets, 100 Tests","HIV 1/2, Determine HIV Kit, without Lancets",Determine,N/A,Test kit,100.0,213.0,15333.87,71.99,0.72,Inverness Japan,Yes,49.0,959.46,reasonable,24.53,reasonable
78715.0,South Africa,PMO - US,Direct Drop,DDP,Ocean,0.0,No,ARV,Adult,STRIDES ARCOLAB LIMITED,"Lamivudine 150mg, tablets, 60 Tabs",Lamivudine,Generic,150mg,Tablet,60.0,515000.0,1251450.0,2.43,0.04,"Strides, Bangalore, India.",Yes,23655.0,37401.43,expensive,2064.89,expensive
61563.0,Vietnam,PMO - US,Direct Drop,FCA,Air,0.0,No,ARV,Adult,ABBVIE LOGISTICS (FORMERLY ABBOTT LOGISTICS BV),"Ritonavir 100mg [Norvir], capsules, cool, 4 x 84 Caps",Ritonavir,Norvir,100mg,Capsule,336.0,56.0,17185.28,306.88,0.91,ABBVIE (Abbott) Logis. UK,Yes,168.0,4092.21,reasonable,37.05,reasonable
40901.0,South Africa,PMO - US,Direct Drop,DDP,Ocean,1.0,Yes,ARV,Adult,Aurobindo Pharma Limited,"Tenofovir Disoproxil Fumarate 300mg, tablets, 30 Tabs",Tenofovir Disoproxil Fumarate,Generic,300mg,Tablet,30.0,108677.0,722702.05,6.65,0.22,"Aurobindo Unit III, India",Yes,10144.0,8809.08,expensive,1192.46,expensive
4368.0,Vietnam,PMO - US,Direct Drop,EXW,Air,0.0,No,ARV,Adult,CIPLA LIMITED,"Lamivudine/Nevirapine/Stavudine 150/200/30mg, tablets, 60 Tabs",Lamivudine/Nevirapine/Stavudine,Generic,150/200/30mg,Tablet - FDC,60.0,10420.0,77108.0,7.4,0.12,"Cipla, Goa, India",Yes,1000.0,7526.06,expensive,123.37,expensive
8951.0,Rwanda,PMO - US,Direct Drop,EXW,Air,0.0,No,HRDT,HIV test,"Trinity Biotech, Plc","HIV 1/2, Uni-Gold HIV Kit, 20 Tests","HIV 1/2, Uni-Gold HIV Kit",Uni-Gold,N/A,Test kit,20.0,1163.0,37216.0,32.0,1.6,"Trinity Biotech, Plc",Yes,385.0,6269.97,expensive,72.94,expensive
46844.0,Cote d'Ivoire,PMO - US,Direct Drop,EXW,Air,0.0,No,HRDT,HIV test,"CHEMBIO DIAGNOSTIC SYSTEMS, INC.","HIV 1/2, Stat-Pak HIV, Kit, 20 Tests","HIV 1/2, Stat-Pak HIV, Kit",Stat-Pak,N/A,Test kit,20.0,3049.0,82323.0,27.0,1.35,Chembio Diagnostics Sys. Inc.,Yes,904.0,7208.0,expensive,177.49,expensive
78403.0,Haiti,PMO - US,Direct Drop,CIP,Air,0.0,No,ARV,Pediatric,MERCK SHARP & DOHME IDEA GMBH (FORMALLY MERCK SHARP & DOHME B.V.),"Efavirenz 30mg/ml [Stocrin/Sustiva], oral solution, Bottle, 180 ml",Efavirenz,Stocrin/Sustiva,30mg/ml,Oral solution,180.0,255.0,4324.8,16.96,0.09,"MSD, Haarlem, NL",Yes,72.0,290.0,reasonable,7.14,reasonable
52636.0,Haiti,PMO - US,Direct Drop,EXW,Ocean,0.0,No,ARV,Pediatric,Aurobindo Pharma Limited,"Nevirapine 10mg/ml, oral suspension w/syringe, Bottle, 240 ml",Nevirapine,Generic,10mg/ml,Oral suspension,240.0,2040.0,3080.4,1.51,0.01,"Aurobindo Unit III, India",Yes,820.0,2214.69,reasonable,3.81,reasonable
49435.0,Ghana,PMO - US,Direct Drop,EXW,Air,0.0,No,ARV,Pediatric,Aurobindo Pharma Limited,"Efavirenz 50mg, capsule, 30 Caps",Efavirenz,Generic,50mg,Capsule,30.0,33000.0,51480.0,1.56,0.05,"Aurobindo Unit III, India",Yes,2343.0,20464.55,expensive,52.92,expensive
22186.0,Vietnam,PMO - US,Direct Drop,EXW,Air,0.0,No,ARV,Adult,Aurobindo Pharma Limited,"Lamivudine/Zidovudine 150/300mg, tablets, 60 Tabs",Lamivudine/Zidovudine,Generic,150/300mg,Tablet - FDC,60.0,1008.0,8678.88,8.61,0.14,"Aurobindo Unit III, India",Yes,1015.0,3796.95,reasonable,17.01,reasonable
77901.0,Nigeria,PMO - US,Direct Drop,EXW,Air,1.0,Yes,HRDT,HIV test,"Orgenics, Ltd","HIV 1/2, Determine Complete HIV Kit, 100 Tests","HIV 1/2, Determine Complete HIV Kit",Determine,N/A,Test kit,100.0,2744.0,244216.0,89.0,0.89,"Alere Medical Co., Ltd.",Yes,1235.0,88176.17,expensive,342.39,expensive
55474.0,Cote d'Ivoire,PMO - US,Direct Drop,CIP,Air,0.0,No,ARV,Adult,MERCK SHARP & DOHME IDEA GMBH (FORMALLY MERCK SHARP & DOHME B.V.),"Efavirenz/Emtricitabine/Tenofovir Disoproxil Fumarate 600/200/300mg [Atripla], tablets, 30 Tabs",Efavirenz/Emtricitabine/Tenofovir Disoproxil Fumarate,Atripla,600/200/300mg,Tablet - FDC,30.0,5320.0,268128.0,50.4,1.68,"MSD, Haarlem, NL",Yes,464.0,30.0,reasonable,525.53,reasonable
15726.0,Rwanda,PMO - US,Direct Drop,EXW,Air,0.0,No,ARV,Adult,MYLAN LABORATORIES LTD (FORMERLY MATRIX LABORATORIES),"Abacavir 300mg, tablets, 60 Tabs",Abacavir,Generic,300mg,Tablet,60.0,46530.0,581159.7,12.49,0.21,Mylan (formerly Matrix) Nashik,Yes,4810.0,27894.81,expensive,814.79,expensive
21092.0,South Africa,PMO - US,Direct Drop,DDP,Air,1.0,Yes,ARV,Adult,Aurobindo Pharma Limited,"Efavirenz 600mg, tablets, 30 Tabs",Efavirenz,Generic,600mg,Tablet,30.0,34560.0,161395.2,4.67,0.16,"Aurobindo Unit III, India",Yes,3240.0,4263.07,reasonable,347.97,reasonable
59151.0,South Africa,PMO - US,Direct Drop,DDP,Ocean,0.0,No,ARV,Adult,STRIDES ARCOLAB LIMITED,"Lamivudine 150mg, tablets, 60 Tabs",Lamivudine,Generic,150mg,Tablet,60.0,131138.0,323910.86,2.47,0.04,"Strides, Bangalore, India.",Yes,6360.0,12225.76,expensive,698.35,expensive
60690.0,Haiti,PMO - US,Direct Drop,EXW,Air,0.0,No,ARV,Pediatric,Aurobindo Pharma Limited,"Nevirapine 50mg, dispersible tablets (tablets for oral suspension), 30 Tabs",Nevirapine,Generic,50mg,Chewable/dispersible tablet,30.0,6100.0,7625.0,1.25,0.04,"Aurobindo Unit III, India",Yes,353.0,4236.81,reasonable,7.84,reasonable
79521.0,South Africa,PMO - US,Direct Drop,DDP,Ocean,0.0,No,ARV,Adult,STRIDES ARCOLAB LIMITED,"Lamivudine 150mg, tablets, 60 Tabs",Lamivudine,Generic,150mg,Tablet,60.0,440000.0,1069200.0,2.43,0.04,"Strides, Bangalore, India.",Yes,19564.0,33865.26,expensive,1764.18,expensive
69086.0,Zimbabwe,PMO - US,Direct Drop,EXW,Air Charter,0.0,No,ARV,Adult,HETERO LABS LIMITED,"Lamivudine/Tenofovir Disoproxil Fumarate 300/300mg, tablets, 30 Tabs",Lamivudine/Tenofovir Disoproxil Fumarate,Generic,300/300mg,Tablet - FDC,30.0,16013.0,73980.06,4.62,0.15,Hetero Unit III Hyderabad IN,Yes,1468.0,12091.91,expensive,76.05,expensive
19246.0,Tanzania,PMO - US,Direct Drop,EXW,Air,0.0,No,ARV,Adult,MYLAN LABORATORIES LTD (FORMERLY MATRIX LABORATORIES),"Atazanavir/Ritonavir 300/100mg, tablets, 30 Tabs",Atazanavir/Ritonavir,Generic,300/100mg,Tablet,30.0,5175.0,116437.5,22.5,0.75,Mylan (formerly Matrix) Nashik,Yes,775.0,4136.58,reasonable,144.03,reasonable
9145.0,Namibia,PMO - US,Direct Drop,EXW,Air,0.0,No,HRDT,HIV test,"Trinity Biotech, Plc","HIV 1/2, Uni-Gold HIV Kit, 20 Tests","HIV 1/2, Uni-Gold HIV Kit",Uni-Gold,N/A,Test kit,20.0,600.0,19200.0,32.0,1.6,"Trinity Biotech, Plc",Yes,205.0,6148.29,expensive,37.63,expensive
56416.0,Uganda,PMO - US,Direct Drop,EXW,Air,0.0,No,ARV,Adult,Aurobindo Pharma Limited,"Efavirenz 600mg, tablets, 30 Tabs",Efavirenz,Generic,600mg,Tablet,30.0,20617.0,70097.8,3.4,0.11,"Aurobindo Unit III, India",Yes,1770.0,7651.56,expensive,98.28,expensive
49387.0,South Sudan,PMO - US,Direct Drop,EXW,Air,0.0,No,HRDT,HIV test,"Trinity Biotech, Plc","HIV 1/2, Uni-Gold HIV Kit, 20 Tests","HIV 1/2, Uni-Gold HIV Kit",Uni-Gold,N/A,Test kit,20.0,749.0,23968.0,32.0,1.6,"Trinity Biotech, Plc",Yes,262.0,4669.02,reasonable,33.6,reasonable
35700.0,South Africa,PMO - US,Direct Drop,DDP,Air,0.0,No,ARV,Adult,CIPLA LIMITED,"Tenofovir Disoproxil Fumarate 300mg, tablets, 30 Tabs",Tenofovir Disoproxil Fumarate,Generic,300mg,Tablet,30.0,1110.0,8680.2,7.82,0.26,"Cipla, Goa, India",Yes,76.0,916.22,reasonable,18.71,reasonable
47837.0,Rwanda,PMO - US,Direct Drop,CIP,Air,0.0,No,ARV,Adult,HETERO LABS LIMITED,"Nevirapine 200mg, tablets, 60 Tabs",Nevirapine,Generic,200mg,Tablet,60.0,9300.0,28737.0,3.09,0.05,Hetero Unit III Hyderabad IN,Yes,550.0,3054.13,reasonable,56.32,reasonable
9089.0,Haiti,PMO - US,Direct Drop,EXW,Air,0.0,No,HRDT,HIV test,"Trinity Biotech, Plc","HIV 1/2, Capillus HIV Kit, 100 Tests","HIV 1/2, Capillus HIV Kit",Capillus,N/A,Test kit,100.0,150.0,20850.0,139.0,1.39,"Trinity Biotech, Plc",Yes,113.0,2486.15,reasonable,40.87,reasonable
13700.0,Mozambique,PMO - US,Direct Drop,EXW,Air,0.0,No,ARV,Adult,HETERO LABS LIMITED,"Lamivudine/Nevirapine/Zidovudine 150/200/300mg, tablets, 60 Tabs",Lamivudine/Nevirapine/Zidovudine,Generic,150/300/200mg,Tablet - FDC,60.0,35136.0,284952.96,8.11,0.14,Hetero Unit III Hyderabad IN,Yes,4784.0,19286.53,expensive,292.93,expensive
27765.0,Uganda,PMO - US,Direct Drop,EXW,Air,0.0,No,ARV,Adult,STRIDES ARCOLAB LIMITED,"Efavirenz 600mg, tablets, 30 Tabs",Efavirenz,Generic,600mg,Tablet,30.0,61150.0,195068.5,3.19,0.11,"Strides, Bangalore, India.",Yes,3858.0,20553.85,expensive,200.53,expensive
76809.0,Nigeria,PMO - US,Direct Drop,EXW,Air,0.0,No,HRDT,HIV test,"Orgenics, Ltd","HIV 1/2, Determine Complete HIV Kit, 100 Tests","HIV 1/2, Determine Complete HIV Kit",Determine,N/A,Test kit,100.0,2890.0,257210.0,89.0,0.89,"Alere Medical Co., Ltd.",Yes,1377.0,32575.03,expensive,424.4,expensive
39025.0,Cote d'Ivoire,PMO - US,Direct Drop,CIP,Air,0.0,No,ARV,Adult,MERCK SHARP & DOHME IDEA GMBH (FORMALLY MERCK SHARP & DOHME B.V.),"Indinavir 400mg [Crixivan], capsules, 180 Caps",Indinavir,Crixivan,400mg,Capsule,180.0,1015.0,50750.0,50.0,0.28,"MSD, Haarlem, NL",Yes,257.0,1167.97,reasonable,109.42,reasonable
54666.0,Uganda,PMO - US,Direct Drop,CIP,Air,0.0,No,ARV,Adult,MYLAN LABORATORIES LTD (FORMERLY MATRIX LABORATORIES),"Abacavir/Lamivudine 600/300mg, tablets, 30 Tabs",Abacavir/Lamivudine,Generic,600/300mg,Tablet - FDC,30.0,8215.0,110820.35,13.49,0.45,Mylan (formerly Matrix) Nashik,Yes,805.0,1003.18,reasonable,137.08,reasonable
76189.0,South Africa,PMO - US,Direct Drop,DDP,Air,0.0,No,ARV,Adult,Aurobindo Pharma Limited,"Zidovudine 300mg, tablets, 60 Tabs",Zidovudine,Generic,300mg,Tablet,60.0,75048.0,557606.64,7.43,0.12,"Aurobindo Unit III, India",Yes,4023.0,3315.23,reasonable,1202.2,reasonable
24865.0,South Africa,PMO - US,Direct Drop,DDP,Air,0.0,No,ARV,Adult,Aurobindo Pharma Limited,"Zidovudine 300mg, tablets, 60 Tabs",Zidovudine,Generic,300mg,Tablet,60.0,60234.0,447538.62,7.43,0.12,"Aurobindo Unit III, India",Yes,3221.0,3296.57,reasonable,964.89,reasonable
48994.0,Vietnam,PMO - US,Direct Drop,EXW,Air,0.0,No,ARV,Adult,MYLAN LABORATORIES LTD (FORMERLY MATRIX LABORATORIES),"Lamivudine/Nevirapine/Zidovudine 150/200/300mg, tablets, 60 Tabs",Lamivudine/Nevirapine/Zidovudine,Generic,150/300/200mg,Tablet - FDC,60.0,20000.0,162000.0,8.1,0.13,Mylan (formerly Matrix) Nashik,Yes,4168.0,6717.79,expensive,166.54,expensive
35250.0,Vietnam,PMO - US,Direct Drop,FCA,Air,0.0,No,ARV,Adult,ABBVIE LOGISTICS (FORMERLY ABBOTT LOGISTICS BV),"Ritonavir 100mg [Norvir], film coated tablets, 30 Tabs",Ritonavir,Norvir,100mg,Tablet,30.0,300.0,6978.0,23.26,0.78,ABBVIE Ludwigshafen Germany,Yes,38.0,1779.09,reasonable,7.17,reasonable
39661.0,Rwanda,PMO - US,Direct Drop,EXW,Ocean,0.0,No,ARV,Adult,Aurobindo Pharma Limited,"Lamivudine/Tenofovir Disoproxil Fumarate 300/300mg, tablets, 30 Tabs",Lamivudine/Tenofovir Disoproxil Fumarate,Generic,300/300mg,Tablet - FDC,30.0,104000.0,483600.0,4.65,0.16,"Aurobindo Unit VII, IN",Yes,9684.0,7898.15,expensive,497.14,expensive
14043.0,Vietnam,PMO - US,Direct Drop,EXW,Air,0.0,No,ARV,Adult,Aurobindo Pharma Limited,"Tenofovir Disoproxil Fumarate 300mg, tablets, 30 Tabs",Tenofovir Disoproxil Fumarate,Generic,300mg,Tablet,30.0,3528.0,27342.0,7.75,0.26,"Aurobindo Unit III, India",Yes,395.0,3538.57,reasonable,58.95,reasonable
69754.0,Zambia,PMO - US,Direct Drop,EXW,Air,0.0,No,HRDT,HIV test,"Orgenics, Ltd","HIV 1/2, Determine Complete HIV Kit, 100 Tests","HIV 1/2, Determine Complete HIV Kit",Determine,N/A,Test kit,100.0,2100.0,151200.0,72.0,0.72,Inverness Japan,Yes,1016.0,16061.5,expensive,325.99,expensive
17900.0,Namibia,PMO - US,Direct Drop,EXW,Air,0.0,No,ARV,Adult,HETERO LABS LIMITED,"Lamivudine/Zidovudine 150/300mg, tablets, 60 Tabs",Lamivudine/Zidovudine,Generic,150/300mg,Tablet - FDC,60.0,26663.0,176242.43,6.61,0.11,"Hetero, Jadcherla, unit 5, IN",Yes,4233.0,26663.64,expensive,181.18,expensive
73314.0,Mozambique,PMO - US,Direct Drop,EXW,Air,0.0,No,HRDT,HIV test,"Orgenics, Ltd","HIV 1/2, Determine Complete HIV Kit, 100 Tests","HIV 1/2, Determine Complete HIV Kit",Determine,N/A,Test kit,100.0,2891.0,231280.0,80.0,0.8,"Alere Medical Co., Ltd.",Yes,1378.0,25607.44,expensive,381.61,expensive
69875.0,South Africa,PMO - US,Direct Drop,DDP,Air,1.0,Yes,ARV,Adult,CIPLA LIMITED,"Tenofovir Disoproxil Fumarate 300mg, tablets, 30 Tabs",Tenofovir Disoproxil Fumarate,Generic,300mg,Tablet,30.0,51828.0,405294.96,7.82,0.26,"Cipla, Goa, India",Yes,3543.0,3646.13,reasonable,873.82,reasonable
7091.0,Botswana,PMO - US,Direct Drop,EXW,Air,0.0,No,HRDT,HIV test,"Trinity Biotech, Plc","HIV 1/2, Uni-Gold HIV Kit, 20 Tests","HIV 1/2, Uni-Gold HIV Kit",Uni-Gold,N/A,Test kit,20.0,500.0,16000.0,32.0,1.6,"Trinity Biotech, Plc",Yes,500.0,2442.32,reasonable,25.6,reasonable
13487.0,Haiti,PMO - US,Direct Drop,EXW,Ocean,0.0,No,ARV,Adult,MYLAN LABORATORIES LTD (FORMERLY MATRIX LABORATORIES),"Efavirenz/Lamivudine/Tenofovir Disoproxil Fumarate 600/300/300mg, tablets, 30 Tabs",Efavirenz/Lamivudine/Tenofovir Disoproxil Fumarate,Generic,600/300/300mg,Tablet - FDC,30.0,25000.0,256000.0,10.24,0.34,Mylan (formerly Matrix) Nashik,Yes,3034.0,7658.27,expensive,263.17,expensive
50261.0,Zimbabwe,PMO - US,Direct Drop,EXW,Air Charter,0.0,No,ARV,Adult,Aurobindo Pharma Limited,"Lamivudine/Tenofovir Disoproxil Fumarate 300/300mg, tablets, 30 Tabs",Lamivudine/Tenofovir Disoproxil Fumarate,Generic,300/300mg,Tablet - FDC,30.0,18000.0,83700.0,4.65,0.16,"Aurobindo Unit VII, IN",Yes,1764.0,13959.22,expensive,86.04,expensive
43526.0,Uganda,PMO - US,Direct Drop,EXW,Air,0.0,No,HRDT,HIV test,"Orgenics, Ltd","HIV 1/2, Determine Complete HIV Kit, 100 Tests","HIV 1/2, Determine Complete HIV Kit",Determine,N/A,Test kit,100.0,4000.0,320000.0,80.0,0.8,"Alere Medical Co., Ltd.",Yes,1624.0,14692.8,expensive,328.96,expensive
10298.0,Cote d'Ivoire,PMO - US,Direct Drop,EXW,Air,0.0,No,HRDT,HIV test,"Orgenics, Ltd","HIV 1/2, Determine HIV Kit, without Lancets, 100 Tests","HIV 1/2, Determine HIV Kit, without Lancets",Determine,N/A,Test kit,100.0,1500.0,105000.0,70.0,0.7,Inverness Japan,Yes,341.0,9749.73,expensive,205.8,expensive
81920.0,Haiti,PMO - US,Direct Drop,EXW,Air,0.0,No,ARV,Pediatric,Aurobindo Pharma Limited,"Lamivudine 10mg/ml, oral solution w/syringe, Bottle, 240 ml",Lamivudine,Generic,10mg/ml,Oral solution,240.0,3528.0,6526.8,1.85,0.01,"Aurobindo Unit III, India",Yes,1296.0,9230.19,expensive,9.15,expensive
61959.0,Uganda,PMO - US,Direct Drop,EXW,Air,0.0,No,ARV,Adult,STRIDES ARCOLAB LIMITED,"Efavirenz 600mg, tablets, 30 Tabs",Efavirenz,Generic,600mg,Tablet,30.0,111348.0,355200.12,3.19,0.11,"Strides, Bangalore, India.",Yes,6953.0,30711.92,expensive,439.38,expensive
30223.0,Rwanda,PMO - US,Direct Drop,EXW,Air,0.0,No,ARV,Adult,Aurobindo Pharma Limited,"Nevirapine 200mg, tablets, 60 Tabs",Nevirapine,Generic,200mg,Tablet,60.0,26441.0,59492.25,2.25,0.04,"Aurobindo Unit III, India",Yes,2520.0,25593.87,expensive,83.41,expensive
71382.0,Nigeria,PMO - US,Direct Drop,EXW,Air,1.0,Yes,HRDT,HIV test,"Orgenics, Ltd","HIV 1/2, Determine Complete HIV Kit, 100 Tests","HIV 1/2, Determine Complete HIV Kit",Determine,N/A,Test kit,100.0,2744.0,244216.0,89.0,0.89,"Alere Medical Co., Ltd.",Yes,1303.0,29251.24,expensive,342.39,expensive
62173.0,Tanzania,PMO - US,Direct Drop,EXW,Air,0.0,No,HRDT,HIV test,"Orgenics, Ltd","HIV 1/2, Determine Complete HIV Kit, 100 Tests","HIV 1/2, Determine Complete HIV Kit",Determine,N/A,Test kit,100.0,1500.0,120000.0,80.0,0.8,"Alere Medical Co., Ltd.",Yes,7500.0,19196.73,expensive,198.0,expensive
24374.0,Rwanda,PMO - US,Direct Drop,CIP,Air,0.0,No,ARV,Adult,Aurobindo Pharma Limited,"Tenofovir Disoproxil Fumarate 300mg, tablets, 30 Tabs",Tenofovir Disoproxil Fumarate,Generic,300mg,Tablet,30.0,5520.0,47251.2,8.56,0.29,"Aurobindo Unit III, India",Yes,516.0,2355.52,reasonable,92.61,reasonable
5532.0,Rwanda,PMO - US,Direct Drop,EXW,Air,0.0,No,HRDT,HIV test,"Orgenics, Ltd","HIV 1/2, Determine HIV Kit, without Lancets, 100 Tests","HIV 1/2, Determine HIV Kit, without Lancets",Determine,N/A,Test kit,100.0,1500.0,107985.0,71.99,0.72,Inverness Japan,Yes,340.0,9479.89,expensive,172.78,expensive
17207.0,Rwanda,PMO - US,Direct Drop,CIP,Air,0.0,No,ARV,Adult,HETERO LABS LIMITED,"Nevirapine 200mg, tablets, 60 Tabs",Nevirapine,Generic,200mg,Tablet,60.0,66825.0,206489.25,3.09,0.05,Hetero Unit III Hyderabad IN,Yes,3845.0,20194.78,expensive,404.72,expensive
65005.0,Rwanda,PMO - US,Direct Drop,FCA,Air,0.0,No,ARV,Pediatric,ABBVIE LOGISTICS (FORMERLY ABBOTT LOGISTICS BV),"Lopinavir/Ritonavir 100/25mg [Aluvia], tablets, 60 Tabs",Lopinavir/Ritonavir,Generic,100/25mg,Tablet,60.0,1305.0,10061.55,7.71,0.13,ABBVIE Ludwigshafen Germany,Yes,150.0,2682.48,reasonable,16.6,reasonable
18708.0,Zimbabwe,PMO - US,Direct Drop,EXW,Air Charter,0.0,No,ARV,Adult,Aurobindo Pharma Limited,"Lamivudine/Tenofovir Disoproxil Fumarate 300/300mg, tablets, 30 Tabs",Lamivudine/Tenofovir Disoproxil Fumarate,Generic,300/300mg,Tablet - FDC,30.0,35955.0,167190.75,4.65,0.16,"Aurobindo Unit VII, IN",Yes,3520.0,23014.35,expensive,171.87,expensive
42659.0,South Africa,PMO - US,Direct Drop,DDP,Ocean,1.0,Yes,ARV,Adult,Aurobindo Pharma Limited,"Efavirenz 600mg, tablets, 30 Tabs",Efavirenz,Generic,600mg,Tablet,30.0,35357.0,150620.82,4.26,0.14,"Aurobindo Unit III, India",Yes,2806.0,7292.27,expensive,248.52,expensive
4649.0,Ethiopia,PMO - US,Direct Drop,EXW,Air,0.0,No,HRDT,HIV test,"SHANGHAI KEHUA BIOENGINEERING CO.,LTD.  (KHB)","HIV 1/2, SKB Colloidal Gold, Diagnostic Kit, Antibody, 50 Tests","HIV 1/2, Colloidal Gold, Diagnostic Kit, Antibody",Colloidal Gold,N/A,Test kit,1.0,7002.0,161046.0,23.0,23.0,"KHB Test Kit Facility, Shanghai China",Yes,5057.0,44347.71,expensive,257.67,expensive
64493.0,Kenya,PMO - US,Direct Drop,EXW,Air,0.0,No,HRDT,HIV test,"Orgenics, Ltd","HIV 1/2, Determine Complete HIV Kit, 100 Tests","HIV 1/2, Determine Complete HIV Kit",Determine,N/A,Test kit,100.0,7243.0,644627.0,89.0,0.89,Inverness Japan,Yes,1247.0,13765.81,expensive,1389.82,expensive
18997.0,Guyana,PMO - US,Direct Drop,EXW,Air,0.0,No,ARV,Pediatric,Aurobindo Pharma Limited,"Zidovudine 100mg, capsules, 100 Caps",Zidovudine,Generic,100mg,Capsule,100.0,172.0,791.2,4.6,0.05,"Aurobindo Unit III, India",Yes,33.0,882.81,reasonable,0.98,reasonable
24368.0,Haiti,PMO - US,Direct Drop,EXW,Air,0.0,No,ARV,Pediatric,Aurobindo Pharma Limited,"Zidovudine 10mg/ml, oral solution, Bottle, 240 ml",Zidovudine,Generic,10mg/ml,Oral solution,240.0,5730.0,10887.0,1.9,0.01,"Aurobindo Unit III, India",Yes,2254.0,12791.34,expensive,11.19,expensive
71016.0,Ghana,PMO - US,Direct Drop,EXW,Air,0.0,No,ARV,Pediatric,Aurobindo Pharma Limited,"Efavirenz 50mg, capsule, 30 Caps",Efavirenz,Generic,50mg,Capsule,30.0,38584.0,60191.04,1.56,0.05,"Aurobindo Unit III, India",Yes,2773.0,21807.62,expensive,61.88,expensive
23904.0,Vietnam,PMO - US,Direct Drop,EXW,Air,0.0,No,ARV,Adult,MYLAN LABORATORIES LTD (FORMERLY MATRIX LABORATORIES),"Zidovudine 300mg, tablets, 60 Tabs",Zidovudine,Generic,300mg,Tablet,60.0,168.0,1260.0,7.5,0.12,Mylan (formerly Matrix) Nashik,Yes,9.0,4138.11,reasonable,2.47,reasonable
10395.0,Haiti,PMO - US,Direct Drop,EXW,Air,0.0,No,HRDT,HIV test,Orasure Technologies Inc.,"HIV 1/2, OraQuick Advance HIV Rapid Antibody Kit, 100 Tests","HIV 1/2, OraQuick Advance HIV Rapid Antibody Kit",OraQuick,N/A,Test kit,100.0,60.0,21000.0,350.0,3.5,"Pacific Biotech, Thailand",Yes,144.0,4185.29,reasonable,41.16,reasonable
17259.0,Tanzania,PMO - US,Direct Drop,FCA,Air,0.0,No,ARV,Adult,LAWRENCE LABORATORIES (SUBSIDIARY OF BRISTOL MYERS SQUIBB),"Didanosine EC 250mg [Videx EC], delayed-release capsules, Blister 3 x 10 Caps",Didanosine EC,Videx EC,250mg,Delayed-release capsules - blister,30.0,2098.0,38477.32,18.34,0.61,Bristol-Myers Squibb Anagni IT,Yes,140.0,1870.73,reasonable,63.49,reasonable
40209.0,Cote d'Ivoire,PMO - US,Direct Drop,FCA,Air,0.0,No,ARV,Adult,ABBVIE LOGISTICS (FORMERLY ABBOTT LOGISTICS BV),"Lopinavir/Ritonavir 200/50mg [Aluvia], tablets, 120 Tabs",Lopinavir/Ritonavir,Aluvia,200/50mg,Tablet,120.0,16695.0,562621.5,33.7,0.28,ABBVIE Ludwigshafen Germany,Yes,4113.0,30130.82,expensive,928.33,expensive
24868.0,Vietnam,PMO - US,Direct Drop,FCA,Air,0.0,No,ARV,Adult,ABBVIE LOGISTICS (FORMERLY ABBOTT LOGISTICS BV),"Lopinavir/Ritonavir 200/50mg [Aluvia], tablets, 120 Tabs",Lopinavir/Ritonavir,Aluvia,200/50mg,Tablet,120.0,4164.0,253254.48,60.82,0.51,ABBVIE Ludwigshafen Germany,Yes,992.0,3212.25,reasonable,313.28,reasonable
1245.0,Cote d'Ivoire,PMO - US,Direct Drop,EXW,Air,0.0,No,HRDT,HIV test,BIO-RAD LABORATORIES (FRANCE),"#108853** HIV, Genie II HIV-1/HIV-2 Kit, 40 Tests","HIV, Genie II HIV-1/HIV-2 Kit",Genie,N/A,Test kit,40.0,147.0,11076.45,75.35,1.88,Bio-Rad Laboratories,Yes,165.0,1816.57,reasonable,,reasonable
12935.0,Vietnam,PMO - US,Direct Drop,EXW,Air,0.0,No,ARV,Adult,MYLAN LABORATORIES LTD (FORMERLY MATRIX LABORATORIES),"Lamivudine/Zidovudine 150/300mg, tablets, 60 Tabs",Lamivudine/Zidovudine,Generic,150/300mg,Tablet - FDC,60.0,11092.0,74871.0,6.75,0.11,Mylan (formerly Matrix) Nashik,Yes,957.0,1869.41,reasonable,92.62,reasonable
51990.0,Rwanda,PMO - US,Direct Drop,EXW,Ocean,0.0,No,ARV,Adult,HETERO LABS LIMITED,"Lamivudine/Tenofovir Disoproxil Fumarate 300/300mg, tablets, 30 Tabs",Lamivudine/Tenofovir Disoproxil Fumarate,Generic,300/300mg,Tablet - FDC,30.0,82981.0,776702.16,9.36,0.31,Hetero Unit III Hyderabad IN,Yes,6683.0,14760.6,expensive,1674.57,expensive
12959.0,Zambia,PMO - US,Direct Drop,EXW,Air,0.0,No,HRDT,HIV test,"Orgenics, Ltd","HIV 1/2, Determine Complete HIV Kit, 100 Tests","HIV 1/2, Determine Complete HIV Kit",Determine,N/A,Test kit,100.0,6280.0,502400.0,80.0,0.8,"Alere Medical Co., Ltd.",Yes,2548.0,28709.52,expensive,516.47,expensive
59157.0,Zambia,PMO - US,Direct Drop,EXW,Air,0.0,No,HRDT,HIV test,"Trinity Biotech, Plc","HIV 1/2, Uni-Gold HIV Kit, 20 Tests","HIV 1/2, Uni-Gold HIV Kit",Uni-Gold,N/A,Test kit,20.0,2900.0,92800.0,32.0,1.6,"Trinity Biotech, Plc",Yes,266.0,8308.74,expensive,114.79,expensive
27177.0,Haiti,PMO - US,Direct Drop,EXW,Air,0.0,No,HRDT,HIV test,"SHANGHAI KEHUA BIOENGINEERING CO.,LTD.  (KHB)","HIV 1/2, SKB Colloidal Gold, Diagnostic Kit, Antibody, 50 Tests","HIV 1/2, Colloidal Gold, Diagnostic Kit, Antibody",Colloidal Gold,N/A,Test kit,1.0,505.0,12372.5,24.5,24.5,"KHB Test Kit Facility, Shanghai China",Yes,367.0,3638.86,reasonable,17.35,reasonable
6431.0,Cote d'Ivoire,PMO - US,Direct Drop,FCA,Air,0.0,No,ARV,Pediatric,ABBVIE LOGISTICS (FORMERLY ABBOTT LOGISTICS BV),"Lopinavir/Ritonavir 80/20mg/ml [Kaletra], oral solution, cool, Bottle 5 x 60 ml",Lopinavir/Ritonavir,Kaletra,80/20mg/ml,Oral solution,300.0,50.0,2055.0,41.1,0.14,ABBVIE (Abbott) Logis. UK,Yes,99.0,1939.99,reasonable,4.03,reasonable
30788.0,Zimbabwe,PMO - US,Direct Drop,FCA,Air,0.0,No,ARV,Pediatric,LAWRENCE LABORATORIES (SUBSIDIARY OF BRISTOL MYERS SQUIBB),"Didanosine 25mg [Videx], chewable tablets, 60 Tabs",Didanosine,Videx,25mg,Chewable/dispersible tablet,60.0,747.0,5229.0,7.0,0.12,Bristol-Myers Squibb Anagni IT,Yes,169.0,2387.62,reasonable,6.47,reasonable
22160.0,Haiti,PMO - US,Direct Drop,EXW,Ocean,0.0,No,ARV,Adult,MYLAN LABORATORIES LTD (FORMERLY MATRIX LABORATORIES),"Efavirenz/Lamivudine/Tenofovir Disoproxil Fumarate 600/300/300mg, tablets, 30 Tabs",Efavirenz/Lamivudine/Tenofovir Disoproxil Fumarate,Generic,600/300/300mg,Tablet - FDC,30.0,46500.0,499410.0,10.74,0.36,Mylan (formerly Matrix) Nashik,Yes,5342.0,9195.61,expensive,513.39,expensive
717.0,Cote d'Ivoire,PMO - US,Direct Drop,EXW,Air,0.0,No,HRDT,HIV test,BIO-RAD LABORATORIES (FRANCE),"#108853** HIV, Genie II HIV-1/HIV-2 Kit, 40 Tests","HIV, Genie II HIV-1/HIV-2 Kit",Genie,N/A,Test kit,40.0,500.0,38000.0,76.0,1.9,Bio-Rad Laboratories,Yes,562.0,11298.13,expensive,60.8,expensive
16513.0,Haiti,PMO - US,Direct Drop,EXW,Ocean,0.0,No,ARV,Pediatric,MYLAN LABORATORIES LTD (FORMERLY MATRIX LABORATORIES),"Lamivudine/Nevirapine/Zidovudine 30/50/60mg, dispersible tablets, 60 Tabs",Lamivudine/Nevirapine/Zidovudine,Generic,30/50/60mg,Chewable/dispersible tablet - FDC,60.0,889.0,3200.4,3.6,0.06,Mylan (formerly Matrix) Nashik,Yes,94.0,2350.55,reasonable,3.96,reasonable
60502.0,South Africa,PMO - US,Direct Drop,DDP,Ocean,0.0,No,ARV,Adult,Aurobindo Pharma Limited,"Tenofovir Disoproxil Fumarate 300mg, tablets, 30 Tabs",Tenofovir Disoproxil Fumarate,Generic,300mg,Tablet,30.0,79250.0,527012.5,6.65,0.22,"Aurobindo Unit III, India",Yes,7397.0,8809.08,expensive,869.57,expensive
71320.0,Haiti,PMO - US,Direct Drop,EXW,Air,0.0,No,ARV,Pediatric,CIPLA LIMITED,"Abacavir 60mg, dispersible tablets, 60 Tabs",Abacavir,Generic,60mg,Chewable/dispersible tablet,60.0,482.0,2410.0,5.0,0.08,"Cipla, Patalganga, India",Yes,50.0,1342.44,reasonable,2.98,reasonable
72300.0,Haiti,PMO - US,Direct Drop,FCA,Air,0.0,No,ARV,Pediatric,ABBVIE LOGISTICS (FORMERLY ABBOTT LOGISTICS BV),"Lopinavir/Ritonavir 100/25mg [Aluvia], tablets, 60 Tabs",Lopinavir/Ritonavir,Generic,100/25mg,Tablet,60.0,360.0,2775.6,7.71,0.13,ABBVIE Ludwigshafen Germany,Yes,46.0,984.39,reasonable,3.89,reasonable
47870.0,Sudan,PMO - US,Direct Drop,EXW,Air,0.0,No,HRDT,HIV test,"Trinity Biotech, Plc","HIV 1/2, Uni-Gold HIV Kit, 20 Tests","HIV 1/2, Uni-Gold HIV Kit",Uni-Gold,N/A,Test kit,20.0,39.0,1248.0,32.0,1.6,"Trinity Biotech, Plc",Yes,13.0,581.73,reasonable,2.06,reasonable
35900.0,Swaziland,PMO - US,Direct Drop,EXW,Air,0.0,No,HRDT,HIV test,"Orgenics, Ltd","HIV 1/2, Determine Complete HIV Kit, 100 Tests","HIV 1/2, Determine Complete HIV Kit",Determine,N/A,Test kit,100.0,135.0,10800.0,80.0,0.8,"Alere Medical Co., Ltd.",Yes,69.0,1626.1,reasonable,15.14,reasonable
34184.0,Vietnam,PMO - US,Direct Drop,FCA,Air,0.0,No,ARV,Adult,ABBVIE LOGISTICS (FORMERLY ABBOTT LOGISTICS BV),"Ritonavir 100mg [Norvir], capsules, cool, 4 x 84 Caps",Ritonavir,Norvir,100mg,Capsule,336.0,36.0,7434.36,206.51,0.61,ABBVIE (Abbott) Logis. UK,Yes,111.0,7300.68,expensive,12.27,expensive
45540.0,Vietnam,PMO - US,Direct Drop,EXW,Air,0.0,No,ARV,Adult,MYLAN LABORATORIES LTD (FORMERLY MATRIX LABORATORIES),"Lamivudine/Nevirapine/Zidovudine 150/200/300mg, tablets, 60 Tabs",Lamivudine/Nevirapine/Zidovudine,Generic,150/300/200mg,Tablet - FDC,60.0,12100.0,98010.0,8.1,0.13,Mylan (formerly Matrix) Nashik,Yes,1685.0,3251.35,reasonable,100.75,reasonable
78733.0,South Africa,PMO - US,Direct Drop,DDP,Ocean,0.0,No,ARV,Adult,Aurobindo Pharma Limited,"Zidovudine 300mg, tablets, 60 Tabs",Zidovudine,Generic,300mg,Tablet,60.0,9829.0,71751.7,7.3,0.12,"Aurobindo Unit III, India",Yes,509.0,3341.45,reasonable,118.39,reasonable
54348.0,Tanzania,PMO - US,Direct Drop,EXW,Air,0.0,No,HRDT,HIV test,"Orgenics, Ltd","HIV 1/2, Determine Complete HIV Kit, 100 Tests","HIV 1/2, Determine Complete HIV Kit",Determine,N/A,Test kit,100.0,1568.0,125440.0,80.0,0.8,"Alere Medical Co., Ltd.",Yes,678.0,12950.74,expensive,175.87,expensive
3507.0,Nigeria,PMO - US,Direct Drop,EXW,Air,0.0,No,HRDT,HIV test,"Orgenics, Ltd","HIV 1/2, Determine Complete HIV Kit, 100 Tests","HIV 1/2, Determine Complete HIV Kit",Determine,N/A,Test kit,100.0,5259.0,420720.0,80.0,0.8,Inverness Japan,Yes,1584.0,22775.45,expensive,824.61,expensive
52144.0,Nigeria,PMO - US,Direct Drop,EXW,Air,1.0,Yes,HRDT,HIV test,"Orgenics, Ltd","HIV 1/2, Determine Complete HIV Kit, 100 Tests","HIV 1/2, Determine Complete HIV Kit",Determine,N/A,Test kit,100.0,2880.0,256320.0,89.0,0.89,"Alere Medical Co., Ltd.",Yes,1249.0,26380.35,expensive,359.36,expensive
13874.0,Haiti,PMO - US,Direct Drop,EXW,Air,0.0,No,ARV,Adult,MICRO LABS LIMITED,"Efavirenz 600mg, tablets, 30 Tabs",Efavirenz,Generic,600mg,Tablet,30.0,14448.0,46667.04,3.23,0.11,"Micro labs, Verna, Goa, India",Yes,2284.0,13257.25,expensive,57.73,expensive
82105.0,Vietnam,PMO - US,Direct Drop,EXW,Air,0.0,No,ARV,Adult,HETERO LABS LIMITED,"Nevirapine 200mg, tablets, 60 Tabs",Nevirapine,Generic,200mg,Tablet,60.0,8586.0,20005.38,2.33,0.04,Hetero Unit III Hyderabad IN,Yes,544.0,1454.64,reasonable,28.05,reasonable
5293.0,Guyana,PMO - US,Direct Drop,EXW,Air,0.0,No,HRDT,HIV test,Abbott GmbH & Co. KG,"HIV 1/2, Determine Complete HIV Kit, 100 Tests","HIV 1/2, Determine Complete HIV Kit",Determine,N/A,Test kit,100.0,230.0,18400.0,80.0,0.8,ABBVIE GmbH & Co.KG Wiesbaden,Yes,38681.0,801.54,reasonable,,reasonable
18811.0,Cote d'Ivoire,PMO - US,Direct Drop,FCA,Air,0.0,No,ARV,Pediatric,ABBVIE LOGISTICS (FORMERLY ABBOTT LOGISTICS BV),"Lopinavir/Ritonavir 100/25mg [Aluvia], tablets, 60 Tabs",Lopinavir/Ritonavir,Generic,100/25mg,Tablet,60.0,4600.0,27324.0,5.94,0.1,ABBVIE Ludwigshafen Germany,Yes,535.0,5924.33,expensive,33.8,expensive
28001.0,Nigeria,PMO - US,Direct Drop,EXW,Air,1.0,Yes,HRDT,HIV test,"Orgenics, Ltd","HIV 1/2, Determine Complete HIV Kit, 100 Tests","HIV 1/2, Determine Complete HIV Kit",Determine,N/A,Test kit,100.0,2853.0,253917.0,89.0,0.89,"Alere Medical Co., Ltd.",Yes,1294.0,,,355.99,expensive
59267.0,Vietnam,PMO - US,Direct Drop,EXW,Air,0.0,No,ARV,Adult,HETERO LABS LIMITED,"Lamivudine/Zidovudine 150/300mg, tablets, 60 Tabs",Lamivudine/Zidovudine,Generic,150/300mg,Tablet - FDC,60.0,33405.0,228824.25,6.85,0.11,Hetero Unit III Hyderabad IN,Yes,3751.0,10867.28,expensive,283.06,expensive
2477.0,Guyana,PMO - US,Direct Drop,EXW,Air,0.0,No,HRDT,HIV test,"Orgenics, Ltd","HIV 1/2, Determine Complete HIV Kit, 100 Tests","HIV 1/2, Determine Complete HIV Kit",Determine,N/A,Test kit,100.0,425.0,38250.0,90.0,0.9,Inverness Japan,Yes,130.0,1859.79,reasonable,74.97,reasonable
67011.0,Zimbabwe,PMO - US,Direct Drop,EXW,Air Charter,0.0,No,ARV,Adult,HETERO LABS LIMITED,"Lamivudine/Tenofovir Disoproxil Fumarate 300/300mg, tablets, 30 Tabs",Lamivudine/Tenofovir Disoproxil Fumarate,Generic,300/300mg,Tablet - FDC,30.0,47136.0,217768.32,4.62,0.15,Hetero Unit III Hyderabad IN,Yes,5151.0,29257.65,expensive,223.87,expensive
18633.0,Sudan,PMO - US,Direct Drop,EXW,Air,0.0,No,HRDT,HIV test,"Trinity Biotech, Plc","HIV 1/2, Uni-Gold HIV Kit, 20 Tests","HIV 1/2, Uni-Gold HIV Kit",Uni-Gold,N/A,Test kit,20.0,50.0,1600.0,32.0,1.6,"Trinity Biotech, Plc",Yes,17.0,1117.79,reasonable,3.45,reasonable
28778.0,Zambia,PMO - US,Direct Drop,EXW,Air,0.0,No,ARV,Pediatric,CIPLA LIMITED,"Abacavir/Lamivudine 60/30mg, dispersible tablets, 60 Tabs",Abacavir/Lamivudine,Generic,60/30mg,Chewable/dispersible tablet - FDC,60.0,40000.0,240000.0,6.0,0.1,"Cipla, Patalganga, India",Yes,3533.0,20188.13,expensive,296.88,expensive
66030.0,South Africa,PMO - US,Direct Drop,DDP,Air,0.0,No,ARV,Pediatric,Aurobindo Pharma Limited,"Nevirapine 10mg/ml, oral suspension w/syringe, Bottle, 240 ml",Nevirapine,Generic,10mg/ml,Oral suspension,240.0,19060.0,60039.0,3.15,0.01,"Aurobindo Unit III, India",Yes,7353.0,4876.34,reasonable,129.44,reasonable
36350.0,Guyana,PMO - US,Direct Drop,EXW,Air,0.0,No,ARV,Adult,Aurobindo Pharma Limited,"Lopinavir/Ritonavir 200/50mg, tablets, 120 Tabs",Lopinavir/Ritonavir,Generic,200/50mg,Tablet,120.0,3796.0,136656.0,36.0,0.3,"Aurobindo Unit III, India",Yes,1028.0,12609.89,expensive,294.63,expensive
3386.0,Mozambique,PMO - US,Direct Drop,EXW,Air,0.0,No,HRDT,HIV test,"Orgenics, Ltd","HIV 1/2, Determine HIV Kit, without Lancets, 100 Tests","HIV 1/2, Determine HIV Kit, without Lancets",Determine,N/A,Test kit,100.0,1000.0,71990.0,71.99,0.72,Inverness Japan,Yes,296.0,2648.82,reasonable,115.18,reasonable
2686.0,Vietnam,PMO - US,Direct Drop,EXW,Air,0.0,No,ARV,Pediatric,Aurobindo Pharma Limited,"Zidovudine 10mg/ml, oral solution, Bottle, 240 ml",Zidovudine,Generic,10mg/ml,Oral solution,240.0,1000.0,5050.0,5.05,0.02,"Aurobindo Unit III, India",Yes,3822.0,25124.12,expensive,,expensive
38253.0,Vietnam,PMO - US,Direct Drop,EXW,Air,0.0,No,ARV,Adult,MYLAN LABORATORIES LTD (FORMERLY MATRIX LABORATORIES),"Tenofovir Disoproxil Fumarate 300mg, tablets, 30 Tabs",Tenofovir Disoproxil Fumarate,Generic,300mg,Tablet,30.0,8388.0,54522.0,6.5,0.22,Mylan (formerly Matrix) Nashik,Yes,544.0,9141.18,expensive,89.96,expensive
28039.0,Guyana,PMO - US,Direct Drop,FCA,Air,0.0,No,ARV,Pediatric,ABBVIE LOGISTICS (FORMERLY ABBOTT LOGISTICS BV),"Lopinavir/Ritonavir 80/20mg/ml [Kaletra], oral solution, cool, Bottle 5 x 60 ml",Lopinavir/Ritonavir,Kaletra,80/20mg/ml,Oral solution,300.0,21.0,1277.22,60.82,0.2,ABBVIE (Abbott) Logis. UK,Yes,52.0,1097.08,reasonable,1.79,reasonable
9351.0,Tanzania,PMO - US,Direct Drop,EXW,Air,0.0,No,HRDT,HIV test,"Standard Diagnostics, Inc.","HIV 1/2, Bioline 3.0 Kit, Lancets, Capillary pipets, Alcohol swabs included, 25 Tests","HIV 1/2, Bioline 3.0 Kit, Lancets, Capillary pipets, Alcohol swabs included",Bioline,N/A,Test kit,25.0,10000.0,200000.0,20.0,0.8,"Standard Diagnostics, Korea",Yes,3345.0,29470.0,expensive,320.0,expensive
44577.0,Zimbabwe,PMO - US,Direct Drop,FCA,Air,0.0,No,ARV,Pediatric,ABBVIE LOGISTICS (FORMERLY ABBOTT LOGISTICS BV),"Lopinavir/Ritonavir 80/20mg/ml [Kaletra], oral solution, cool, Bottle 5 x 60 ml",Lopinavir/Ritonavir,Kaletra,80/20mg/ml,Oral solution,300.0,1024.0,31559.68,30.82,0.1,ABBVIE (Abbott) Logis. UK,Yes,1014.0,,,44.25,expensive
47050.0,Mozambique,PMO - US,Direct Drop,EXW,Air,0.0,No,HRDT,HIV test,"Orgenics, Ltd","HIV 1/2, Determine HIV Kit, without Lancets, 100 Tests","HIV 1/2, Determine HIV Kit, without Lancets",Determine,N/A,Test kit,100.0,7587.0,589509.9,77.7,0.78,Inverness Japan,Yes,1306.0,26532.85,expensive,972.69,expensive
6625.0,Vietnam,PMO - US,Direct Drop,EXW,Air,0.0,No,ARV,Adult,"GILEAD SCIENCES IRELAND, INC.","Tenofovir Disoproxil Fumarate 300mg [Viread], tablets, 30 Tabs",Tenofovir Disoproxil Fumarate,Viread,300mg,Tablet,30.0,1900.0,32300.0,17.0,0.57,Gilead(Nycomed) Oranienburg DE,Yes,116.0,14571.5,expensive,,expensive
40798.0,South Africa,PMO - US,Direct Drop,DDP,Ocean,0.0,No,ARV,Pediatric,GLAXOSMITHKLINE EXPORT LIMITED,"Abacavir 20mg/ml [Ziagen], oral solution, Bottle, 240 ml",Abacavir,Ziagen,20mg/ml,Oral solution,240.0,20000.0,185600.0,9.28,0.04,GSK Mississauga (Canada),Yes,7293.0,6560.34,expensive,306.24,expensive
71773.0,Uganda,PMO - US,Direct Drop,EXW,Air,0.0,No,HRDT,HIV test - Ancillary,"Orgenics, Ltd","Capillary Tubes, for Determine, EDTA, 50uL,100 Pcs","HIV, Capillary Tubes, for Determine, EDTA, 50uL,100 Pcs",Determine,N/A,Test kit - Ancillary,100.0,100.0,800.0,8.0,0.08,"Alere Medical Co., Ltd.",Yes,74.0,1649.91,reasonable,0.99,reasonable
73115.0,Mozambique,PMO - US,Direct Drop,FCA,Air,0.0,No,ARV,Adult,ABBVIE LOGISTICS (FORMERLY ABBOTT LOGISTICS BV),"Ritonavir 100mg [Norvir], film coated tablets, 60 Tabs",Ritonavir,Norvir,100mg,Tablet,60.0,616.0,4219.6,6.85,0.11,ABBVIE Ludwigshafen Germany,Yes,87.0,1053.88,reasonable,5.22,reasonable
34319.0,Nigeria,PMO - US,Direct Drop,EXW,Air,0.0,No,HRDT,HIV test,"Orgenics, Ltd","HIV 1/2, Determine Complete HIV Kit, 100 Tests","HIV 1/2, Determine Complete HIV Kit",Determine,N/A,Test kit,100.0,3176.0,282664.0,89.0,0.89,"Alere Medical Co., Ltd.",Yes,1288.0,16002.97,expensive,290.58,expensive
68553.0,Vietnam,PMO - US,Direct Drop,EXW,Air,0.0,No,ARV,Adult,HETERO LABS LIMITED,"Tenofovir Disoproxil Fumarate 300mg, tablets, 30 Tabs",Tenofovir Disoproxil Fumarate,Generic,300mg,Tablet,30.0,42660.0,151443.0,3.55,0.12,Hetero Unit III Hyderabad IN,Yes,3442.0,10533.01,expensive,187.33,expensive
31551.0,South Africa,PMO - US,Direct Drop,DDP,Ocean,0.0,No,ARV,Adult,CIPLA LIMITED,"Nevirapine 200mg, tablets, 60 Tabs",Nevirapine,Generic,200mg,Tablet,60.0,6000.0,16320.0,2.72,0.05,"Cipla, Goa, India",Yes,638.0,654.72,reasonable,26.93,reasonable
35444.0,Tanzania,PMO - US,Direct Drop,FCA,Air,0.0,No,ARV,Pediatric,ABBVIE LOGISTICS (FORMERLY ABBOTT LOGISTICS BV),"Lopinavir/Ritonavir 100/25mg [Aluvia], tablets, 60 Tabs",Lopinavir/Ritonavir,Generic,100/25mg,Tablet,60.0,1764.0,10478.16,5.94,0.1,ABBVIE Ludwigshafen Germany,Yes,209.0,2177.56,reasonable,12.96,reasonable
14278.0,Ethiopia,PMO - US,Direct Drop,EXW,Air,0.0,No,ARV,Adult,Aurobindo Pharma Limited,"Lamivudine 150mg, tablets, 60 Tabs",Lamivudine,Generic,150mg,Tablet,60.0,56000.0,133280.0,2.38,0.04,"Aurobindo Unit III, India",Yes,2996.0,10612.93,expensive,287.35,expensive
3479.0,Ethiopia,PMO - US,Direct Drop,EXW,Air,0.0,No,HRDT,HIV test,"SHANGHAI KEHUA BIOENGINEERING CO.,LTD.  (KHB)","HIV 1/2, SKB Colloidal Gold, Diagnostic Kit, Antibody, 50 Tests","HIV 1/2, Colloidal Gold, Diagnostic Kit, Antibody",Colloidal Gold,N/A,Test kit,1.0,3510.0,80730.0,23.0,23.0,"KHB Test Kit Facility, Shanghai China",Yes,2535.0,20083.74,expensive,158.23,expensive
69767.0,Vietnam,PMO - US,Direct Drop,EXW,Air,0.0,No,ARV,Adult,CIPLA LIMITED,"Lamivudine/Nevirapine/Stavudine 150/200/30mg, tablets, 60 Tabs",Lamivudine/Nevirapine/Stavudine,Generic,150/200/30mg,Tablet - FDC,60.0,40400.0,248460.0,6.15,0.1,"Cipla, Goa, India",Yes,3919.0,12704.0,expensive,486.98,expensive
81421.0,South Africa,PMO - US,Direct Drop,DDP,Ocean,0.0,No,ARV,Adult,CIPLA LIMITED,"Tenofovir Disoproxil Fumarate 300mg, tablets, 30 Tabs",Tenofovir Disoproxil Fumarate,Generic,300mg,Tablet,30.0,58423.0,410713.69,7.03,0.23,"Cipla, Goa, India",Yes,4007.0,6639.33,expensive,885.5,expensive
32743.0,Vietnam,PMO - US,Direct Drop,FCA,Air,0.0,No,ARV,Adult,ABBVIE LOGISTICS (FORMERLY ABBOTT LOGISTICS BV),"Lopinavir/Ritonavir 200/50mg [Aluvia], tablets, 120 Tabs",Lopinavir/Ritonavir,Aluvia,200/50mg,Tablet,120.0,2000.0,121640.0,60.82,0.51,ABBVIE Ludwigshafen Germany,Yes,499.0,1467.82,reasonable,125.05,reasonable
32358.0,South Africa,PMO - US,Direct Drop,DDP,Air,0.0,No,ARV,Adult,Aurobindo Pharma Limited,"Zidovudine 300mg, tablets, 60 Tabs",Zidovudine,Generic,300mg,Tablet,60.0,29402.0,218456.86,7.43,0.12,"Aurobindo Unit III, India",Yes,1577.0,1697.9,reasonable,470.99,reasonable
719.0,Cote d'Ivoire,PMO - US,Direct Drop,EXW,Air,0.0,No,ACT,ACT,IDA FOUNDATION,"Artesunate+Amodiaquine 50+153mg, tablets, co-blister 6+6 Tabs",Artesunate+Amodiaquine,Generic,50+153mg,Tablet - FDC + co-blister,12.0,25000.0,9750.0,0.39,0.03,Ipca Dadra/Nagar Haveli IN,Yes,1708.0,12830.91,expensive,19.11,expensive
16255.0,Kenya,PMO - US,Direct Drop,EXW,Air,0.0,No,HRDT,HIV test,"Orgenics, Ltd","HIV 1/2, Determine Complete HIV Kit, 100 Tests","HIV 1/2, Determine Complete HIV Kit",Determine,N/A,Test kit,100.0,7999.0,711911.0,89.0,0.89,"Alere Medical Co., Ltd.",Yes,1378.0,14842.19,expensive,998.1,expensive
17815.0,Mozambique,PMO - US,Direct Drop,EXW,Air,0.0,No,HRDT,HIV test,"Orgenics, Ltd","HIV 1/2, Determine HIV Kit, without Lancets, 100 Tests","HIV 1/2, Determine HIV Kit, without Lancets",Determine,N/A,Test kit,100.0,7412.0,575912.4,77.7,0.78,Inverness Japan,Yes,2097.0,15891.96,expensive,950.26,expensive
60112.0,Uganda,PMO - US,Direct Drop,EXW,Air,0.0,No,ARV,Adult,Aurobindo Pharma Limited,"Nevirapine 200mg, tablets, 60 Tabs",Nevirapine,Generic,200mg,Tablet,60.0,18216.0,40986.0,2.25,0.04,"Aurobindo Unit III, India",Yes,1863.0,6757.18,expensive,42.13,expensive
82005.0,South Africa,PMO - US,Direct Drop,DDP,Ocean,0.0,No,ARV,Adult,Aurobindo Pharma Limited,"Lamivudine 150mg, tablets, 60 Tabs",Lamivudine,Generic,150mg,Tablet,60.0,130828.0,316603.76,2.42,0.04,"Aurobindo Unit III, India",Yes,6525.0,10984.82,expensive,682.6,expensive
35300.0,Vietnam,PMO - US,Direct Drop,EXW,Air,0.0,No,ARV,Adult,HETERO LABS LIMITED,"Stavudine 30mg, capsules, 60 Caps",Stavudine,Generic,30mg,Capsule,60.0,21000.0,30450.0,1.45,0.02,Hetero Unit III Hyderabad IN,Yes,1516.0,11915.51,expensive,50.24,expensive
49540.0,South Sudan,PMO - US,Direct Drop,EXW,Air,0.0,No,ARV,Pediatric,Aurobindo Pharma Limited,"Nevirapine 50mg, dispersible tablets (tablets for oral suspension), 30 Tabs",Nevirapine,Generic,50mg,Chewable/dispersible tablet,30.0,625.0,781.25,1.25,0.04,"Aurobindo Unit III, India",Yes,34.0,1191.93,reasonable,0.97,reasonable
4283.0,Haiti,PMO - US,Direct Drop,FCA,Air,0.0,No,ARV,Pediatric,ABBVIE LOGISTICS (FORMERLY ABBOTT LOGISTICS BV),"Lopinavir/Ritonavir 100/25mg [Aluvia], tablets, 60 Tabs",Lopinavir/Ritonavir,Generic,100/25mg,Tablet,60.0,180.0,1850.4,10.28,0.17,ABBVIE Ludwigshafen Germany,Yes,31.0,910.86,reasonable,2.96,reasonable
42912.0,Nigeria,PMO - US,Direct Drop,EXW,Air,0.0,No,ACT,ACT,NOVARTIS PHARMA SERVICES AG,"Artemether/Lumefantrine 20/120mg [Coartem], scored tablets, Blister 30 x 24 Tabs",Artemether/Lumefantrine,Coartem,20/120mg,Tablet - FDC + blister,720.0,2500.0,105000.0,42.0,0.06,"Novartis Pharma Suffern, USA",Yes,1725.0,11954.71,expensive,147.21,expensive
32963.0,Cote d'Ivoire,PMO - US,Direct Drop,FCA,Air,0.0,No,ARV,Pediatric,ABBVIE LOGISTICS (FORMERLY ABBOTT LOGISTICS BV),"Lopinavir/Ritonavir 100/25mg [Aluvia], tablets, 60 Tabs",Lopinavir/Ritonavir,Generic,100/25mg,Tablet,60.0,5900.0,35046.0,5.94,0.1,ABBVIE Ludwigshafen Germany,Yes,701.0,7008.1,expensive,43.35,expensive
65331.0,Haiti,PMO - US,Direct Drop,EXW,Air,0.0,No,ARV,Adult,Aurobindo Pharma Limited,"Didanosine 400mg, delayed-release capsules, 30 Caps",Didanosine,Generic,400mg,Delayed-release capsules,30.0,240.0,4800.0,20.0,0.67,"Aurobindo Unit III, India",Yes,19.0,971.7,reasonable,5.94,reasonable
77152.0,Vietnam,PMO - US,Direct Drop,EXW,Air,0.0,No,ARV,Adult,MYLAN LABORATORIES LTD (FORMERLY MATRIX LABORATORIES),"Efavirenz 600mg, tablets, 30 Tabs",Efavirenz,Generic,600mg,Tablet,30.0,31579.0,135789.7,4.3,0.14,Mylan (formerly Matrix) Nashik,Yes,2585.0,11617.57,expensive,292.76,expensive
72639.0,Cote d'Ivoire,PMO - US,Direct Drop,EXW,Air,0.0,No,HRDT,HIV test,"CHEMBIO DIAGNOSTIC SYSTEMS, INC.","HIV 1/2, Stat-Pak HIV, Kit, 20 Tests","HIV 1/2, Stat-Pak HIV, Kit",Stat-Pak,N/A,Test kit,20.0,2068.0,55836.0,27.0,1.35,Chembio Diagnostics Sys. Inc.,Yes,685.0,5557.27,expensive,120.38,expensive
28471.0,Nigeria,PMO - US,Direct Drop,EXW,Air,1.0,Yes,HRDT,HIV test,"Orgenics, Ltd","HIV 1/2, Determine Complete HIV Kit, 100 Tests","HIV 1/2, Determine Complete HIV Kit",Determine,N/A,Test kit,100.0,2835.0,252315.0,89.0,0.89,"Alere Medical Co., Ltd.",Yes,1352.0,31284.02,expensive,353.75,expensive
4303.0,Rwanda,PMO - US,Direct Drop,EXW,Air,0.0,No,HRDT,HIV test,"Trinity Biotech, Plc","HIV 1/2, Uni-Gold HIV Kit, 20 Tests","HIV 1/2, Uni-Gold HIV Kit",Uni-Gold,N/A,Test kit,20.0,3150.0,100800.0,32.0,1.6,"Trinity Biotech, Plc",Yes,1080.0,15987.05,expensive,161.28,expensive
16848.0,Cote d'Ivoire,PMO - US,Direct Drop,EXW,Air,0.0,No,HRDT,HIV test,"Orgenics, Ltd","HIV 1/2, Determine Complete HIV Kit, 100 Tests","HIV 1/2, Determine Complete HIV Kit",Determine,N/A,Test kit,100.0,5900.0,472000.0,80.0,0.8,"Alere Medical Co., Ltd.",Yes,2393.0,33029.82,expensive,485.22,expensive
32959.0,Botswana,PMO - US,Direct Drop,EXW,Air,0.0,No,HRDT,HIV test - Ancillary,Orasure Technologies Inc.,"#109435**HIV, OraQuick Controls Kit, 3 Vials","HIV, OraQuick Controls Kit, 3 Vials",OraQuick,N/A,Test kit - Ancillary,3.0,10.0,250.0,25.0,8.33,"Orasure Technologies, Inc USA",Yes,6.0,418.94,reasonable,0.49,reasonable
28265.0,Burundi,PMO - US,Direct Drop,EXW,Air,0.0,No,HRDT,HIV test,"Orgenics, Ltd","HIV 1/2, Determine Complete HIV Kit, 100 Tests","HIV 1/2, Determine Complete HIV Kit",Determine,N/A,Test kit,100.0,1560.0,124800.0,80.0,0.8,"Alere Medical Co., Ltd.",Yes,676.0,14189.02,expensive,154.38,expensive
60109.0,Zimbabwe,PMO - US,Direct Drop,EXW,Air,0.0,No,ARV,Pediatric,ABBVIE LOGISTICS (FORMERLY ABBOTT LOGISTICS BV),"Lopinavir/Ritonavir 80/20mg/ml [Kaletra], oral solution, cool, Bottle 5 x 60 ml",Lopinavir/Ritonavir,Kaletra,80/20mg/ml,Oral solution,300.0,3794.0,116931.08,30.82,0.1,ABBVIE (Abbott) Logis. UK,Yes,3287.0,26515.21,expensive,120.21,expensive
4929.0,Zambia,PMO - US,Direct Drop,EXW,Air,0.0,No,HRDT,HIV test,"Standard Diagnostics, Inc.","HIV 1/2, Bioline 3.0 Kit, Lancets, Capillary pipets, Alcohol swabs included, 25 Tests","HIV 1/2, Bioline 3.0 Kit, Lancets, Capillary pipets, Alcohol swabs included",Bioline,N/A,Test kit,25.0,300.0,6000.0,20.0,0.8,"Standard Diagnostics, Korea",Yes,94.0,1205.43,reasonable,11.76,reasonable
70733.0,Vietnam,PMO - US,Direct Drop,EXW,Air,0.0,No,ARV,Adult,MICRO LABS LIMITED,"Lamivudine 150mg, tablets, 60 Tabs",Lamivudine,Generic,150mg,Tablet,60.0,22430.0,41271.2,1.84,0.03,"Micro labs, Verna, Goa, India",Yes,939.0,2040.93,reasonable,57.86,reasonable
2305.0,Nigeria,PMO - US,Direct Drop,CIP,Air,0.0,No,ARV,Adult,MERCK SHARP & DOHME IDEA GMBH (FORMALLY MERCK SHARP & DOHME B.V.),"Efavirenz/Emtricitabine/Tenofovir Disoproxil Fumarate 600/200/300mg [Atripla], tablets, 30 Tabs",Efavirenz/Emtricitabine/Tenofovir Disoproxil Fumarate,Atripla,600/200/300mg,Tablet - FDC,30.0,25000.0,1260000.0,50.4,1.68,"MSD, Haarlem, NL",Yes,2067.0,7933.38,expensive,2469.6,expensive
23076.0,South Sudan,PMO - US,Direct Drop,EXW,Air,0.0,No,HRDT,HIV test,"Trinity Biotech, Plc","HIV 1/2, Uni-Gold HIV Kit, 20 Tests","HIV 1/2, Uni-Gold HIV Kit",Uni-Gold,N/A,Test kit,20.0,450.0,14400.0,32.0,1.6,"Trinity Biotech, Plc",Yes,165.0,2329.14,reasonable,17.81,reasonable
69683.0,Tanzania,PMO - US,Direct Drop,EXW,Air,0.0,No,HRDT,HIV test,"Standard Diagnostics, Inc.","HIV 1/2, Bioline 3.0 Kit, Lancets, Capillary pipets, Alcohol swabs included, 25 Tests","HIV 1/2, Bioline 3.0 Kit, Lancets, Capillary pipets, Alcohol swabs included",Bioline,N/A,Test kit,25.0,10000.0,200000.0,20.0,0.8,"Standard Diagnostics, Korea",Yes,3334.0,23623.43,expensive,330.0,expensive
28888.0,Mali,PMO - US,Direct Drop,EXW,Air,0.0,No,HRDT,HIV test,"Orgenics, Ltd","HIV 1/2, ImmunoComb II BiSpot EIA Kit, 36 Tests","HIV 1/2, ImmunoComb II BiSpot EIA Kit",ImmunoComb,N/A,Test kit,36.0,58.0,4930.0,85.0,2.36,"Alere Medical Co., Ltd.",Yes,23.0,1148.65,reasonable,5.07,reasonable
15999.0,Tanzania,PMO - US,Direct Drop,EXW,Air,0.0,No,ARV,Adult,Aurobindo Pharma Limited,"Lamivudine/Nevirapine/Zidovudine 150/200/300mg, tablets, 60 Tabs",Lamivudine/Nevirapine/Zidovudine,Generic,150/300/200mg,Tablet - FDC,60.0,36426.0,296143.38,8.13,0.14,"Aurobindo Unit III, India",Yes,4609.0,17581.92,expensive,366.33,expensive
13581.0,Swaziland,PMO - US,Direct Drop,EXW,Air,0.0,No,HRDT,HIV test,"Orgenics, Ltd","HIV 1/2, Determine Complete HIV Kit, 100 Tests","HIV 1/2, Determine Complete HIV Kit",Determine,N/A,Test kit,100.0,377.0,30160.0,80.0,0.8,Inverness Japan,Yes,172.0,4504.46,reasonable,49.76,reasonable
14180.0,Zambia,PMO - US,Direct Drop,EXW,Air,0.0,No,HRDT,HIV test,"Trinity Biotech, Plc","HIV 1/2, Uni-Gold HIV Kit, 20 Tests","HIV 1/2, Uni-Gold HIV Kit",Uni-Gold,N/A,Test kit,20.0,9500.0,304000.0,32.0,1.6,"Trinity Biotech, Plc",Yes,2783.0,20621.1,expensive,312.51,expensive
23365.0,Rwanda,PMO - US,Direct Drop,CIP,Air,0.0,No,ARV,Adult,Aurobindo Pharma Limited,"Didanosine 250mg, delayed-release capsules, 30 Caps",Didanosine,Generic,250mg,Delayed-release capsules,30.0,558.0,8174.7,14.65,0.49,"Aurobindo Unit III, India",Yes,1297.0,23760.45,expensive,16.02,expensive
937.0,Mozambique,PMO - US,Direct Drop,EXW,Air,0.0,No,HRDT,HIV test,"Trinity Biotech, Plc","HIV 1/2, Uni-Gold HIV Kit, 20 Tests","HIV 1/2, Uni-Gold HIV Kit",Uni-Gold,N/A,Test kit,20.0,5700.0,182400.0,32.0,1.6,"Trinity Biotech, Plc",Yes,1906.0,23914.8,expensive,357.5,expensive
962.0,Vietnam,PMO - US,Direct Drop,EXW,Air,0.0,No,ARV,Adult,CIPLA LIMITED,"Lamivudine/Nevirapine/Stavudine 150/200/30mg, tablets, 60 Tabs",Lamivudine/Nevirapine/Stavudine,Generic,150/200/30mg,Tablet - FDC,60.0,10560.0,72864.0,6.9,0.12,"Cipla, Goa, India",Yes,924.0,4225.93,reasonable,142.81,reasonable
71323.0,Kenya,PMO - US,Direct Drop,EXW,Air,0.0,No,HRDT,HIV test,"Orgenics, Ltd","HIV 1/2, Determine Complete HIV Kit, 100 Tests","HIV 1/2, Determine Complete HIV Kit",Determine,N/A,Test kit,100.0,7238.0,644182.0,89.0,0.89,"Alere Medical Co., Ltd.",Yes,1246.0,13336.64,expensive,1062.9,expensive
64615.0,Uganda,PMO - US,Direct Drop,FCA,Air,0.0,No,ARV,Adult,ABBVIE LOGISTICS (FORMERLY ABBOTT LOGISTICS BV),"Ritonavir 100mg [Norvir], film coated tablets, 60 Tabs",Ritonavir,Norvir,100mg,Tablet,60.0,579.0,3966.15,6.85,0.11,ABBVIE Ludwigshafen Germany,Yes,103.0,1393.29,reasonable,4.08,reasonable
42980.0,Ethiopia,PMO - US,Direct Drop,EXW,Air,0.0,No,HRDT,HIV test,"SHANGHAI KEHUA BIOENGINEERING CO.,LTD.  (KHB)","HIV 1/2, SKB Colloidal Gold, Diagnostic Kit, Antibody, 50 Tests","HIV 1/2, Colloidal Gold, Diagnostic Kit, Antibody",Colloidal Gold,N/A,Test kit,1.0,924.0,22638.0,24.5,24.5,"KHB Test Kit Facility, Shanghai China",Yes,656.0,6488.44,expensive,31.74,expensive
28181.0,South Africa,PMO - US,Direct Drop,DDP,Ocean,0.0,No,ARV,Adult,STRIDES ARCOLAB LIMITED,"Lamivudine 150mg, tablets, 60 Tabs",Lamivudine,Generic,150mg,Tablet,60.0,356876.0,867208.68,2.43,0.04,"Strides, Bangalore, India.",Yes,16391.0,20258.29,expensive,1430.89,expensive
14811.0,Rwanda,PMO - US,Direct Drop,EXW,Air,0.0,No,HRDT,HIV test,"SHANGHAI KEHUA BIOENGINEERING CO.,LTD.  (KHB)","HIV 1/2, SKB Colloidal Gold, Diagnostic Kit, Antibody, 50 Tests","HIV 1/2, Colloidal Gold, Diagnostic Kit, Antibody",Colloidal Gold,N/A,Test kit,1.0,4068.0,99666.0,24.5,24.5,"KHB Test Kit Facility, Shanghai China",Yes,2712.0,37680.04,expensive,102.46,expensive
2685.0,Zambia,PMO - US,Direct Drop,EXW,Air,0.0,No,ARV,Adult,Aurobindo Pharma Limited,"Efavirenz 600mg, tablets, 30 Tabs",Efavirenz,Generic,600mg,Tablet,30.0,60784.0,1018132.0,16.75,0.56,"Aurobindo Unit III, India",Yes,11179.0,49824.57,expensive,,expensive
40779.0,Mozambique,PMO - US,Direct Drop,EXW,Air,0.0,No,HRDT,HIV test,"Orgenics, Ltd","HIV 1/2, Determine Complete HIV Kit, 100 Tests","HIV 1/2, Determine Complete HIV Kit",Determine,N/A,Test kit,100.0,8898.0,711840.0,80.0,0.8,"Alere Medical Co., Ltd.",Yes,3611.0,24079.79,expensive,731.77,expensive
53226.0,Tanzania,PMO - US,Direct Drop,EXW,Air,0.0,No,HRDT,HIV test,"Standard Diagnostics, Inc.","HIV 1/2, Bioline 3.0 Kit, Lancets, Capillary pipets, Alcohol swabs included, 25 Tests","HIV 1/2, Bioline 3.0 Kit, Lancets, Capillary pipets, Alcohol swabs included",Bioline,N/A,Test kit,25.0,10000.0,200000.0,20.0,0.8,"Standard Diagnostics, Korea",Yes,3334.0,23489.63,expensive,330.0,expensive
17861.0,Vietnam,PMO - US,Direct Drop,EXW,Air,0.0,No,ARV,Adult,CIPLA LIMITED,"Lamivudine/Nevirapine/Stavudine 150/200/30mg, tablets, 60 Tabs",Lamivudine/Nevirapine/Stavudine,Generic,150/200/30mg,Tablet - FDC,60.0,19920.0,114340.8,5.74,0.1,"Cipla, Goa, India",Yes,1936.0,5314.56,expensive,246.52,expensive
66371.0,Tanzania,PMO - US,Direct Drop,EXW,Air,0.0,No,ARV,Adult,Aurobindo Pharma Limited,"Lamivudine/Nevirapine/Zidovudine 150/200/300mg, tablets, 60 Tabs",Lamivudine/Nevirapine/Zidovudine,Generic,150/300/200mg,Tablet - FDC,60.0,37012.0,300907.56,8.13,0.14,"Aurobindo Unit III, India",Yes,4699.0,17907.7,expensive,372.22,expensive
10477.0,Namibia,PMO - US,Direct Drop,EXW,Air,0.0,No,HRDT,HIV test,"Orgenics, Ltd","HIV 1/2, Determine Complete HIV Kit, 100 Tests","HIV 1/2, Determine Complete HIV Kit",Determine,N/A,Test kit,100.0,150.0,10800.0,72.0,0.72,Inverness Japan,Yes,47.0,2681.23,reasonable,21.17,reasonable
3839.0,Namibia,PMO - US,Direct Drop,EXW,Air,0.0,No,HRDT,HIV test,"Orgenics, Ltd","HIV 1/2, Determine HIV Kit, without Lancets, 100 Tests","HIV 1/2, Determine HIV Kit, without Lancets",Determine,N/A,Test kit,100.0,180.0,12600.0,70.0,0.7,Inverness Japan,Yes,43.0,2760.11,reasonable,24.7,reasonable
914.0,Cote d'Ivoire,PMO - US,Direct Drop,EXW,Air,0.0,No,ANTM,Malaria,IDA FOUNDATION,"Quinine 600mg/2ml (as dihydrochloride), injection, 2ml x 100 Ampules",Quinine (as dihydrochloride),Generic,600mg/2ml,Injection,100.0,140.0,2731.4,19.51,0.2,Gland Pharma Ltd Pally Factory,Yes,5209.0,25405.22,expensive,5.35,expensive
50314.0,South Africa,PMO - US,Direct Drop,DDP,Ocean,0.0,No,ARV,Adult,CIPLA LIMITED,"Tenofovir Disoproxil Fumarate 300mg, tablets, 30 Tabs",Tenofovir Disoproxil Fumarate,Generic,300mg,Tablet,30.0,82500.0,565950.0,6.86,0.23,"Cipla, Goa, India",Yes,5624.0,7378.63,expensive,933.82,expensive
2506.0,Nigeria,PMO - US,Direct Drop,FCA,Air,0.0,No,ARV,Adult,ABBVIE LOGISTICS (FORMERLY ABBOTT LOGISTICS BV),"Lopinavir/Ritonavir 200/50mg [Aluvia], tablets, 120 Tabs",Lopinavir/Ritonavir,Aluvia,200/50mg,Tablet,120.0,2040.0,83844.0,41.1,0.34,ABBVIE Ludwigshafen Germany,Yes,309.0,3777.93,reasonable,164.33,reasonable
73145.0,Cote d'Ivoire,PMO - US,Direct Drop,EXW,Air,0.0,No,ARV,Adult,MYLAN LABORATORIES LTD (FORMERLY MATRIX LABORATORIES),"Abacavir/Lamivudine/Zidovudine 300/150/300mg, tablets, 60 Tabs",Abacavir/Lamivudine/Zidovudine,Generic,300/150/300mg,Tablet - FDC,60.0,4448.0,133440.0,30.0,0.5,Mylan (formerly Matrix) Nashik,Yes,693.0,5066.44,expensive,287.7,expensive
40821.0,Cameroon,PMO - US,Direct Drop,EXW,Air,0.0,No,ARV,Adult,CIPLA LIMITED,"Lamivudine/Tenofovir Disoproxil Fumarate 300/300mg, tablets, 30 Tabs",Lamivudine/Tenofovir Disoproxil Fumarate,Generic,300/300mg,Tablet - FDC,30.0,12600.0,57960.0,4.6,0.15,"Cipla, Kurkumbh, India",Yes,1278.0,15106.61,expensive,71.7,expensive
9487.0,Rwanda,PMO - US,Direct Drop,EXW,Air,0.0,No,HRDT,HIV test,"Trinity Biotech, Plc","HIV 1/2, Capillus HIV Kit, 100 Tests","HIV 1/2, Capillus HIV Kit",Capillus,N/A,Test kit,100.0,463.0,64357.0,139.0,1.39,"Trinity Biotech, Plc",Yes,450.0,4360.83,reasonable,102.97,reasonable
64319.0,Nigeria,PMO - US,Direct Drop,EXW,Air,1.0,Yes,HRDT,HIV test,"Orgenics, Ltd","HIV 1/2, Determine Complete HIV Kit, 100 Tests","HIV 1/2, Determine Complete HIV Kit",Determine,N/A,Test kit,100.0,2835.0,252315.0,89.0,0.89,"Alere Medical Co., Ltd.",Yes,1352.0,30726.22,expensive,353.75,expensive
52837.0,Nigeria,PMO - US,Direct Drop,EXW,Air,0.0,No,HRDT,HIV test,"Orgenics, Ltd","HIV 1/2, Determine Complete HIV Kit, 100 Tests","HIV 1/2, Determine Complete HIV Kit",Determine,N/A,Test kit,100.0,4657.0,414473.0,89.0,0.89,"Alere Medical Co., Ltd.",Yes,2307.0,21672.24,expensive,487.83,expensive
66585.0,Nigeria,PMO - US,Direct Drop,EXW,Air,1.0,Yes,HRDT,HIV test,"Orgenics, Ltd","HIV 1/2, Determine Complete HIV Kit, 100 Tests","HIV 1/2, Determine Complete HIV Kit",Determine,N/A,Test kit,100.0,3056.0,271984.0,89.0,0.89,"Alere Medical Co., Ltd.",Yes,1248.0,13325.5,expensive,336.44,expensive
41431.0,Haiti,PMO - US,Direct Drop,EXW,Air,0.0,No,ARV,Adult,HETERO LABS LIMITED,"Zidovudine 300mg, tablets, 60 Tabs",Zidovudine,Generic,300mg,Tablet,60.0,990.0,5445.0,5.5,0.09,Hetero Unit III Hyderabad IN,Yes,69.0,694.54,reasonable,5.6,reasonable
59189.0,Vietnam,PMO - US,Direct Drop,EXW,Air,0.0,No,ARV,Adult,EMCURE PHARMACEUTICALS LTD,"Nevirapine 200mg, tablets, 60 Tabs",Nevirapine,Generic,200mg,Tablet,60.0,7063.0,16244.9,2.3,0.04,"Emcure Plot No.P-2, I.T-B.T. Park, Phase II, MIDC, Hinjwadi, Pune, India",Yes,412.0,1769.68,reasonable,20.09,reasonable
68680.0,Vietnam,PMO - US,Direct Drop,EXW,Air,0.0,No,ARV,Adult,HETERO LABS LIMITED,"Efavirenz/Lamivudine/Tenofovir Disoproxil Fumarate 600/300/300mg, tablets, 30 Tabs",Efavirenz/Lamivudine/Tenofovir Disoproxil Fumarate,Generic,600/300/300mg,Tablet - FDC,30.0,17188.0,180474.0,10.5,0.35,Hetero Unit III Hyderabad IN,Yes,2388.0,3790.32,reasonable,185.53,reasonable
55522.0,South Africa,PMO - US,Direct Drop,DDP,Ocean,0.0,No,ARV,Pediatric,Aurobindo Pharma Limited,"Nevirapine 10mg/ml, oral suspension w/syringe, Bottle, 240 ml",Nevirapine,Generic,10mg/ml,Oral suspension,240.0,27910.0,59169.2,2.12,0.01,"Aurobindo Unit III, India",Yes,10346.0,3961.7,reasonable,97.63,reasonable
72719.0,Cote d'Ivoire,PMO - US,Direct Drop,EXW,Air,0.0,No,HRDT,HIV test,BIO-RAD LABORATORIES (FRANCE),"HIV 1/2, Genie III Kit, 50 Tests","HIV 1/2, Genie III Kit",Genie,N/A,Test kit,50.0,500.0,45500.0,91.0,1.82,Bio-Rad Laboratories,Yes,284.0,32609.44,expensive,63.79,expensive
32189.0,Vietnam,PMO - US,Direct Drop,EXW,Air,0.0,No,ARV,Adult,HETERO LABS LIMITED,"Efavirenz/Lamivudine/Tenofovir Disoproxil Fumarate 600/300/300mg, tablets, 30 Tabs",Efavirenz/Lamivudine/Tenofovir Disoproxil Fumarate,Generic,600/300/300mg,Tablet - FDC,30.0,17760.0,177600.0,10.0,0.33,Hetero Unit III Hyderabad IN,Yes,2523.0,4784.19,reasonable,209.04,reasonable
72445.0,Cote d'Ivoire,PMO - US,Direct Drop,EXW,Air,0.0,No,HRDT,HIV test,BIO-RAD LABORATORIES (FRANCE),"HIV 1/2, Genie III Kit, 50 Tests","HIV 1/2, Genie III Kit",Genie,N/A,Test kit,50.0,300.0,27300.0,91.0,1.82,Bio-Rad Laboratories,Yes,728.0,6879.32,expensive,38.27,expensive
65291.0,Ethiopia,PMO - US,Direct Drop,EXW,Air,0.0,No,HRDT,HIV test,"Trinity Biotech, Plc","HIV 1/2, Uni-Gold HIV Kit, 20 Tests","HIV 1/2, Uni-Gold HIV Kit",Uni-Gold,N/A,Test kit,20.0,167.0,5344.0,32.0,1.6,"Trinity Biotech, Plc",Yes,60.0,911.32,reasonable,7.49,reasonable
72424.0,South Africa,PMO - US,Direct Drop,DDP,Ocean,0.0,No,ARV,Pediatric,Aurobindo Pharma Limited,"Efavirenz 50mg, capsule, 30 Caps",Efavirenz,Generic,50mg,Capsule,30.0,92000.0,216200.0,2.35,0.08,"Aurobindo Unit III, India",Yes,5184.0,9592.95,expensive,466.13,expensive
20883.0,Tanzania,PMO - US,Direct Drop,EXW,Air,0.0,No,HRDT,HIV test,"Standard Diagnostics, Inc.","HIV 1/2, Bioline 3.0 Kit, Lancets, Capillary pipets, Alcohol swabs included, 25 Tests","HIV 1/2, Bioline 3.0 Kit, Lancets, Capillary pipets, Alcohol swabs included",Bioline,N/A,Test kit,25.0,1520.0,30400.0,20.0,0.8,"Standard Diagnostics, Korea",Yes,507.0,4329.08,reasonable,50.16,reasonable
16104.0,Ethiopia,PMO - US,Direct Drop,EXW,Air,0.0,No,ARV,Adult,Aurobindo Pharma Limited,"Didanosine 400mg, delayed-release capsules, 30 Caps",Didanosine,Generic,400mg,Delayed-release capsules,30.0,2225.0,44500.0,20.0,0.67,"Aurobindo Unit III, India",Yes,174.0,2052.97,reasonable,73.42,reasonable
41916.0,South Africa,PMO - US,Direct Drop,DDP,Ocean,0.0,No,ARV,Adult,Aurobindo Pharma Limited,"Efavirenz 600mg, tablets, 30 Tabs",Efavirenz,Generic,600mg,Tablet,30.0,48866.0,220385.66,4.51,0.15,"Aurobindo Unit III, India",Yes,4154.0,9951.37,expensive,363.64,expensive
74609.0,Kenya,PMO - US,Direct Drop,CIP,Air,0.0,No,HRDT,HIV test,"Orgenics, Ltd","HIV 1/2, Determine Complete HIV Kit, 100 Tests","HIV 1/2, Determine Complete HIV Kit",Determine,N/A,Test kit,100.0,1.0,89.0,89.0,0.89,"Alere Medical Co., Ltd.",Yes,1476.0,91.66,reasonable,0.12,reasonable
16053.0,Vietnam,PMO - US,Direct Drop,EXW,Air,0.0,No,ARV,Adult,HETERO LABS LIMITED,"Lamivudine 150mg, tablets, 60 Tabs",Lamivudine,Generic,150mg,Tablet,60.0,14011.0,25920.35,1.85,0.03,Hetero Unit III Hyderabad IN,Yes,1953.0,3658.08,reasonable,32.06,reasonable
45160.0,South Sudan,PMO - US,Direct Drop,EXW,Air,0.0,No,HRDT,HIV test,"Trinity Biotech, Plc","HIV 1/2, Uni-Gold HIV Kit, 20 Tests","HIV 1/2, Uni-Gold HIV Kit",Uni-Gold,N/A,Test kit,20.0,176.0,5632.0,32.0,1.6,"Trinity Biotech, Plc",Yes,71.0,1743.35,reasonable,7.9,reasonable
14291.0,Tanzania,PMO - US,Direct Drop,EXW,Air,0.0,No,HRDT,HIV test,"Orgenics, Ltd","HIV 1/2, Determine Complete HIV Kit, 100 Tests","HIV 1/2, Determine Complete HIV Kit",Determine,N/A,Test kit,100.0,100.0,8000.0,80.0,0.8,"Alere Medical Co., Ltd.",Yes,39.0,1176.54,reasonable,8.22,reasonable
28673.0,South Africa,PMO - US,Direct Drop,DDP,Ocean,1.0,Yes,ARV,Adult,Aurobindo Pharma Limited,"Efavirenz 600mg, tablets, 30 Tabs",Efavirenz,Generic,600mg,Tablet,30.0,119251.0,508009.26,4.26,0.14,"Aurobindo Unit III, India",Yes,9461.0,7292.27,expensive,838.22,expensive
68230.0,Vietnam,PMO - US,Direct Drop,FCA,Air,0.0,No,ARV,Adult,ABBVIE LOGISTICS (FORMERLY ABBOTT LOGISTICS BV),"Lopinavir/Ritonavir 200/50mg [Aluvia], tablets, 120 Tabs",Lopinavir/Ritonavir,Aluvia,200/50mg,Tablet,120.0,1820.0,149604.0,82.2,0.68,ABBVIE Ludwigshafen Germany,Yes,445.0,4755.76,reasonable,322.55,reasonable
21414.0,Uganda,PMO - US,Direct Drop,EXW,Air,0.0,No,ARV,Adult,CIPLA LIMITED,"Lamivudine/Nevirapine/Zidovudine 150/200/300mg, tablets, 60 Tabs",Lamivudine/Nevirapine/Zidovudine,Generic,150/300/200mg,Tablet - FDC,60.0,60929.0,493524.9,8.1,0.13,"Cipla, Goa, India",Yes,8638.0,30764.18,expensive,610.49,expensive
2795.0,Tanzania,PMO - US,Direct Drop,EXW,Air,0.0,No,HRDT,HIV test,"Standard Diagnostics, Inc.","HIV 1/2, Bioline 3.0 Kit, Lancets, Capillary pipets, Alcohol swabs included, 25 Tests","HIV 1/2, Bioline 3.0 Kit, Lancets, Capillary pipets, Alcohol swabs included",Bioline,N/A,Test kit,25.0,5000.0,100000.0,20.0,0.8,"Standard Diagnostics, Korea",Yes,1456.0,14505.37,expensive,160.0,expensive
67244.0,Rwanda,PMO - US,Direct Drop,EXW,Air,0.0,No,HRDT,HIV test,"SHANGHAI KEHUA BIOENGINEERING CO.,LTD.  (KHB)","HIV 1/2, SKB Colloidal Gold, Diagnostic Kit, Antibody, 50 Tests","HIV 1/2, Colloidal Gold, Diagnostic Kit, Antibody",Colloidal Gold,N/A,Test kit,1.0,2988.0,73206.0,24.5,24.5,"KHB Test Kit Facility, Shanghai China",Yes,1992.0,26266.34,expensive,90.56,expensive
53775.0,Zambia,PMO - US,Direct Drop,EXW,Air,0.0,No,HRDT,HIV test,"Orgenics, Ltd","HIV 1/2, Determine Complete HIV Kit, 100 Tests","HIV 1/2, Determine Complete HIV Kit",Determine,N/A,Test kit,100.0,2884.0,230720.0,80.0,0.8,"Alere Medical Co., Ltd.",Yes,1374.0,25052.44,expensive,380.69,expensive
9749.0,Vietnam,PMO - US,Direct Drop,FCA,Air,0.0,No,ARV,Adult,ABBVIE LOGISTICS (FORMERLY ABBOTT LOGISTICS BV),"Lopinavir/Ritonavir 200/50mg [Aluvia], tablets, 120 Tabs",Lopinavir/Ritonavir,Aluvia,200/50mg,Tablet,120.0,1480.0,121656.0,82.2,0.68,ABBVIE Ludwigshafen Germany,Yes,370.0,2652.33,reasonable,194.65,reasonable
23787.0,Botswana,PMO - US,Direct Drop,EXW,Air,0.0,No,HRDT,HIV test,"Trinity Biotech, Plc","HIV 1/2, Uni-Gold HIV Kit, 20 Tests","HIV 1/2, Uni-Gold HIV Kit",Uni-Gold,N/A,Test kit,20.0,5.0,160.0,32.0,1.6,"Trinity Biotech, Plc",Yes,3.0,603.53,reasonable,0.31,reasonable
60966.0,Liberia,PMO - US,Direct Drop,EXW,Air,0.0,No,HRDT,HIV test,"Orgenics, Ltd","HIV 1/2, Determine Complete HIV Kit, 100 Tests","HIV 1/2, Determine Complete HIV Kit",Determine,N/A,Test kit,100.0,695.0,55600.0,80.0,0.8,"Alere Medical Co., Ltd.",Yes,332.0,8738.06,expensive,91.74,expensive
15946.0,Ethiopia,PMO - US,Direct Drop,EXW,Air,0.0,No,ARV,Adult,Aurobindo Pharma Limited,"Didanosine 250mg, delayed-release capsules, 30 Caps",Didanosine,Generic,250mg,Delayed-release capsules,30.0,2600.0,33800.0,13.0,0.43,"Aurobindo Unit III, India",Yes,236.0,1131.48,reasonable,72.87,reasonable
17640.0,Mozambique,PMO - US,Direct Drop,EXW,Air,0.0,No,HRDT,HIV test,"Orgenics, Ltd","HIV 1/2, Determine Complete HIV Kit, 100 Tests","HIV 1/2, Determine Complete HIV Kit",Determine,N/A,Test kit,100.0,1832.0,146560.0,80.0,0.8,"Alere Medical Co., Ltd.",Yes,829.0,8680.27,expensive,181.29,expensive
1183.0,Vietnam,PMO - US,Direct Drop,EXW,Air,0.0,No,ARV,Adult,Aurobindo Pharma Limited,"Lamivudine/Nevirapine/Zidovudine 150/200/300mg, tablets, 60 Tabs",Lamivudine/Nevirapine/Zidovudine,Generic,150/300/200mg,Tablet - FDC,60.0,3500.0,39025.0,11.15,0.19,"Aurobindo Unit III, India",Yes,1804.0,6341.88,expensive,76.49,expensive
22301.0,Vietnam,PMO - US,Direct Drop,EXW,Air,0.0,No,ARV,Adult,MYLAN LABORATORIES LTD (FORMERLY MATRIX LABORATORIES),"Efavirenz/Lamivudine/Tenofovir Disoproxil Fumarate 600/300/300mg, tablets, 30 Tabs",Efavirenz/Lamivudine/Tenofovir Disoproxil Fumarate,Generic,600/300/300mg,Tablet - FDC,30.0,23251.0,278779.49,11.99,0.4,Mylan (formerly Matrix) Nashik,Yes,2641.0,4503.42,reasonable,390.85,reasonable
19584.0,Tanzania,PMO - US,Direct Drop,EXW,Air,0.0,No,HRDT,HIV test,"Orgenics, Ltd","HIV 1/2, Determine Complete HIV Kit, 100 Tests","HIV 1/2, Determine Complete HIV Kit",Determine,N/A,Test kit,100.0,1337.0,106960.0,80.0,0.8,"Alere Medical Co., Ltd.",Yes,639.0,12022.17,expensive,149.96,expensive
40791.0,Vietnam,PMO - US,Direct Drop,EXW,Air,0.0,No,ARV,Adult,STRIDES ARCOLAB LIMITED,"Lamivudine 150mg, tablets, 60 Tabs",Lamivudine,Generic,150mg,Tablet,60.0,23355.0,54884.25,2.35,0.04,"Strides, Bangalore, India.",Yes,1073.0,5221.88,expensive,90.56,expensive
78090.0,South Africa,PMO - US,Direct Drop,DDP,Ocean,0.0,No,ARV,Pediatric,Aurobindo Pharma Limited,"Efavirenz 50mg, capsule, 30 Caps",Efavirenz,Generic,50mg,Capsule,30.0,22920.0,54778.8,2.39,0.08,"Aurobindo Unit III, India",Yes,1291.0,4429.37,reasonable,118.1,reasonable
76559.0,Vietnam,PMO - US,Direct Drop,EXW,Air,0.0,No,ARV,Pediatric,MYLAN LABORATORIES LTD (FORMERLY MATRIX LABORATORIES),"Lamivudine/Zidovudine 30/60mg, tablets, 60 Tabs",Lamivudine/Zidovudine,Generic,30/60mg,Tablet - FDC,60.0,1966.0,4423.5,2.25,0.04,Mylan (formerly Matrix) Nashik,Yes,91.0,1143.04,reasonable,6.2,reasonable
1519.0,Vietnam,PMO - US,Direct Drop,FCA,Air,0.0,No,ARV,Adult,ABBVIE LOGISTICS (FORMERLY ABBOTT LOGISTICS BV),"Ritonavir 100mg [Norvir], capsules, cool, 4 x 84 Caps",Ritonavir,Norvir,100mg,Capsule,336.0,100.0,18333.0,183.33,0.55,ABBVIE (Abbott) Logis. UK,Yes,337.0,2535.4,reasonable,29.33,reasonable
39794.0,Zimbabwe,PMO - US,Direct Drop,EXW,Air,0.0,No,HRDT,HIV test - Ancillary,"Orgenics, Ltd","Chase Buffer, Determine, 100 Tests, 2.5ml x 1 Vial","Chase Buffer, Determine, 100 Tests, 2.5ml x 1 Vial",Determine,N/A,Test kit - Ancillary,1.0,2000.0,10000.0,5.0,5.0,"Alere Medical Co., Ltd.",Yes,864.0,14314.83,expensive,12.37,expensive
35790.0,Uganda,PMO - US,Direct Drop,EXW,Air,0.0,No,ARV,Adult,CIPLA LIMITED,"Lamivudine/Nevirapine/Zidovudine 150/200/300mg, tablets, 60 Tabs",Lamivudine/Nevirapine/Zidovudine,Generic,150/300/200mg,Tablet - FDC,60.0,114996.0,931467.6,8.1,0.13,"Cipla, Goa, India",Yes,15435.0,56180.34,expensive,1152.23,expensive
9673.0,Vietnam,PMO - US,Direct Drop,EXW,Air,0.0,No,ARV,Pediatric,Aurobindo Pharma Limited,"Zidovudine 100mg, capsules, 100 Caps",Zidovudine,Generic,100mg,Capsule,100.0,1400.0,7686.0,5.49,0.05,"Aurobindo Unit III, India",Yes,106.0,2869.03,reasonable,12.3,reasonable
55331.0,South Africa,PMO - US,Direct Drop,DDP,Air,1.0,Yes,ARV,Adult,Aurobindo Pharma Limited,"Efavirenz 600mg, tablets, 30 Tabs",Efavirenz,Generic,600mg,Tablet,30.0,53916.0,251787.72,4.67,0.16,"Aurobindo Unit III, India",Yes,4561.0,6105.79,expensive,542.85,expensive
4611.0,Botswana,PMO - US,Direct Drop,EXW,Air,0.0,No,HRDT,HIV test,"Trinity Biotech, Plc","HIV 1/2, Uni-Gold HIV Kit, 20 Tests","HIV 1/2, Uni-Gold HIV Kit",Uni-Gold,N/A,Test kit,20.0,5.0,160.0,32.0,1.6,"Trinity Biotech, Plc",Yes,3.0,1225.17,reasonable,0.26,reasonable
30904.0,Vietnam,PMO - US,Direct Drop,EXW,Air,1.0,Yes,ARV,Adult,MYLAN LABORATORIES LTD (FORMERLY MATRIX LABORATORIES),"Efavirenz/Lamivudine/Tenofovir Disoproxil Fumarate 600/300/300mg, tablets, 30 Tabs",Efavirenz/Lamivudine/Tenofovir Disoproxil Fumarate,Generic,600/300/300mg,Tablet - FDC,30.0,22232.0,225654.8,10.15,0.34,Mylan (formerly Matrix) Nashik,Yes,2510.0,4363.06,reasonable,231.97,reasonable
30220.0,Haiti,PMO - US,Direct Drop,EXW,Air,0.0,No,ARV,Adult,HETERO LABS LIMITED,"Lamivudine 150mg, tablets, 60 Tabs",Lamivudine,Generic,150mg,Tablet,60.0,1440.0,2592.0,1.8,0.03,Hetero Unit III Hyderabad IN,Yes,99.0,1497.53,reasonable,2.66,reasonable
38273.0,South Africa,PMO - US,Direct Drop,DDP,Ocean,1.0,Yes,ARV,Adult,CIPLA LIMITED,"Nevirapine 200mg, tablets, 60 Tabs",Nevirapine,Generic,200mg,Tablet,60.0,96770.0,263214.4,2.72,0.05,"Cipla, Goa, India",Yes,10536.0,4957.81,reasonable,434.3,reasonable
1618.0,Mozambique,PMO - US,Direct Drop,EXW,Air,0.0,No,HRDT,HIV test,"Trinity Biotech, Plc","HIV 1/2, Uni-Gold HIV Kit, 20 Tests","HIV 1/2, Uni-Gold HIV Kit",Uni-Gold,N/A,Test kit,20.0,9000.0,288000.0,32.0,1.6,"Trinity Biotech, Plc",Yes,9000.0,55746.59,expensive,460.8,expensive
55053.0,Guyana,PMO - US,Direct Drop,EXW,Air,0.0,No,ARV,Adult,Aurobindo Pharma Limited,"Stavudine 15mg, capsules, 60 Caps",Stavudine,Generic,15mg,Capsule,60.0,10.0,13.0,1.3,0.02,"Aurobindo Unit III, India",Yes,1.0,618.89,reasonable,0.02,reasonable
3378.0,Mozambique,PMO - US,Direct Drop,FCA,Air,0.0,No,HRDT,HIV test,Abbott GmbH & Co. KG,"HIV 1/2, Determine Complete HIV Kit, 100 Tests","HIV 1/2, Determine Complete HIV Kit",Determine,N/A,Test kit,100.0,1000.0,80000.0,80.0,0.8,ABBVIE GmbH & Co.KG Wiesbaden,Yes,337.0,3499.18,reasonable,156.8,reasonable
62319.0,Uganda,PMO - US,Direct Drop,FCA,Air,0.0,No,ARV,Adult,ABBVIE LOGISTICS (FORMERLY ABBOTT LOGISTICS BV),"Lopinavir/Ritonavir 200/50mg [Aluvia], tablets, 120 Tabs",Lopinavir/Ritonavir,Aluvia,200/50mg,Tablet,120.0,480.0,17356.8,36.16,0.3,ABBVIE Ludwigshafen Germany,Yes,127.0,1400.91,reasonable,37.42,reasonable
66431.0,Uganda,PMO - US,Direct Drop,FCA,Air,0.0,No,ARV,Adult,Hoffmann-La Roche ltd Basel,"Saquinavir 500mg [Invirase], tablets, 120 Tabs",Saquinavir,Invirase,500mg,Tablet,120.0,161.0,16125.1,100.16,0.83,Roche Basel,Yes,30.0,1072.35,reasonable,34.77,reasonable
46209.0,Rwanda,PMO - US,Direct Drop,EXW,Air,0.0,No,HRDT,HIV test,"Orgenics, Ltd","HIV 1/2, Determine HIV Kit, without Lancets, 100 Tests","HIV 1/2, Determine HIV Kit, without Lancets",Determine,N/A,Test kit,100.0,5084.0,355880.0,70.0,0.7,Inverness Japan,Yes,1153.0,46638.41,expensive,697.52,expensive
72426.0,"Congo, DRC",PMO - US,Direct Drop,EXW,Air,0.0,No,ANTM,Malaria,IMRES B.V.,"Sulfadoxine/Pyrimethamine 500/25mg, tablets, 1000 Tabs",Sulfadoxine/Pyrimethamine,Generic,500/25mg,Tablet - FDC,1000.0,720.0,16164.0,22.45,0.02,"Guilin OSD site, No 17, China",Yes,578.0,3089.83,reasonable,19.99,reasonable
34837.0,Ethiopia,PMO - US,Direct Drop,EXW,Air,0.0,No,HRDT,HIV test,"SHANGHAI KEHUA BIOENGINEERING CO.,LTD.  (KHB)","HIV 1/2, SKB Colloidal Gold, Diagnostic Kit, Antibody, 50 Tests","HIV 1/2, Colloidal Gold, Diagnostic Kit, Antibody",Colloidal Gold,N/A,Test kit,1.0,1362.0,33369.0,24.5,24.5,"KHB Test Kit Facility, Shanghai China",Yes,970.0,8851.4,expensive,46.78,expensive
6745.0,Guyana,PMO - US,Direct Drop,EXW,Air,1.0,Yes,HRDT,HIV test,"Orgenics, Ltd","HIV 1/2, Determine HIV Kit, without Lancets, 100 Tests","HIV 1/2, Determine HIV Kit, without Lancets",Determine,N/A,Test kit,100.0,442.0,31819.58,71.99,0.72,Inverness Japan,Yes,100.0,1928.93,reasonable,50.91,reasonable
116.0,Vietnam,PMO - US,Direct Drop,FCA,Air,0.0,No,ARV,Adult,ABBVIE LOGISTICS (FORMERLY ABBOTT LOGISTICS BV),"Lopinavir/Ritonavir 200/50mg [Aluvia], tablets, 120 Tabs",Lopinavir/Ritonavir,Aluvia,200/50mg,Tablet,120.0,500.0,41095.0,82.19,0.68,ABBVIE Ludwigshafen Germany,Yes,117.0,1767.38,reasonable,65.75,reasonable
73018.0,South Africa,PMO - US,Direct Drop,DDP,Ocean,0.0,No,ARV,Adult,Aurobindo Pharma Limited,"Efavirenz 600mg, tablets, 30 Tabs",Efavirenz,Generic,600mg,Tablet,30.0,118537.0,534601.87,4.51,0.15,"Aurobindo Unit III, India",Yes,10373.0,630.5,reasonable,1152.6,reasonable
76938.0,South Africa,PMO - US,Direct Drop,DDP,Ocean,1.0,Yes,ARV,Adult,Aurobindo Pharma Limited,"Tenofovir Disoproxil Fumarate 300mg, tablets, 30 Tabs",Tenofovir Disoproxil Fumarate,Generic,300mg,Tablet,30.0,58143.0,386650.95,6.65,0.22,"Aurobindo Unit III, India",Yes,5427.0,7905.96,expensive,833.62,expensive
15596.0,Zimbabwe,PMO - US,Direct Drop,EXW,Air,0.0,No,HRDT,HIV test,"Orgenics, Ltd","HIV 1/2, Determine Complete HIV Kit, 100 Tests","HIV 1/2, Determine Complete HIV Kit",Determine,N/A,Test kit,100.0,2342.0,187360.0,80.0,0.8,Inverness Japan,Yes,1113.0,20082.38,expensive,309.14,expensive
61864.0,Cote d'Ivoire,PMO - US,Direct Drop,EXW,Air,0.0,No,HRDT,HIV test,"Standard Diagnostics, Inc.","HIV 1/2, Bioline 3.0 Kit, (no accessories), 30 Tests","HIV 1/2, Bioline 3.0 Kit (no accessories)",Bioline,N/A,Test kit,30.0,900.0,21600.0,24.0,0.8,"Standard Diagnostics, Korea",Yes,300.0,3489.46,reasonable,46.57,reasonable
4373.0,Vietnam,PMO - US,Direct Drop,FCA,Air,0.0,No,ARV,Adult,ABBVIE LOGISTICS (FORMERLY ABBOTT LOGISTICS BV),"Lopinavir/Ritonavir 200/50mg [Aluvia], tablets, 120 Tabs",Lopinavir/Ritonavir,Aluvia,200/50mg,Tablet,120.0,800.0,65760.0,82.2,0.68,ABBVIE Ludwigshafen Germany,Yes,208.0,3449.4,reasonable,105.22,reasonable
32372.0,Uganda,PMO - US,Direct Drop,FCA,Air,0.0,No,ARV,Pediatric,ABBVIE LOGISTICS (FORMERLY ABBOTT LOGISTICS BV),"Lopinavir/Ritonavir 100/25mg [Aluvia], tablets, 60 Tabs",Lopinavir/Ritonavir,Generic,100/25mg,Tablet,60.0,6390.0,37956.6,5.94,0.1,ABBVIE Ludwigshafen Germany,Yes,733.0,6255.87,expensive,46.95,expensive
64824.0,Nigeria,PMO - US,Direct Drop,EXW,Air,0.0,No,ARV,Adult,EMCURE PHARMACEUTICALS LTD,"Atazanavir/Ritonavir 300/100mg, tablets, 30 Tabs",Atazanavir/Ritonavir,Generic,300/100mg,Tablet,30.0,10717.0,192906.0,18.0,0.6,"Emcure Plot No.P-2, I.T-B.T. Park, Phase II, MIDC, Hinjwadi, Pune, India",Yes,1400.0,11732.9,expensive,198.31,expensive
74786.0,Cote d'Ivoire,PMO - US,Direct Drop,EXW,Air,0.0,No,HRDT,HIV test,"Orgenics, Ltd","HIV 1/2, Determine Complete HIV Kit, 100 Tests","HIV 1/2, Determine Complete HIV Kit",Determine,N/A,Test kit,100.0,2070.0,165600.0,80.0,0.8,"Alere Medical Co., Ltd.",Yes,988.0,19368.23,expensive,232.17,expensive
56734.0,South Africa,PMO - US,Direct Drop,DDP,Ocean,0.0,No,ARV,Adult,Aurobindo Pharma Limited,"Abacavir 300mg, tablets, 60 Tabs",Abacavir,Generic,300mg,Tablet,60.0,23845.0,356005.85,14.93,0.25,"Aurobindo Unit III, India",Yes,2283.0,3649.67,reasonable,587.41,reasonable
52799.0,Dominican Republic,PMO - US,Direct Drop,EXW,Air,0.0,No,HRDT,HIV test,"Orgenics, Ltd","HIV 1/2, Determine Complete HIV Kit, 100 Tests","HIV 1/2, Determine Complete HIV Kit",Determine,N/A,Test kit,100.0,1000.0,92000.0,92.0,0.92,Inverness Japan,Yes,399.0,8776.57,expensive,151.8,expensive
63297.0,Haiti,PMO - US,Direct Drop,EXW,Ocean,0.0,No,ARV,Adult,HETERO LABS LIMITED,"Efavirenz/Lamivudine/Tenofovir Disoproxil Fumarate 600/300/300mg, tablets, 30 Tabs",Efavirenz/Lamivudine/Tenofovir Disoproxil Fumarate,Generic,600/300/300mg,Tablet - FDC,30.0,56500.0,579125.0,10.25,0.34,Hetero Unit III Hyderabad IN,Yes,7324.0,10500.29,expensive,595.34,expensive
16071.0,Nigeria,PMO - US,Direct Drop,EXW,Air,1.0,Yes,HRDT,HIV test,"Orgenics, Ltd","HIV 1/2, Determine Complete HIV Kit, 100 Tests","HIV 1/2, Determine Complete HIV Kit",Determine,N/A,Test kit,100.0,1859.0,165451.0,89.0,0.89,"Alere Medical Co., Ltd.",Yes,840.0,,,231.96,expensive
64003.0,Cote d'Ivoire,PMO - US,Direct Drop,EXW,Air,0.0,No,HRDT,HIV test,"Standard Diagnostics, Inc.","HIV 1/2, Bioline 3.0 Kit, (no accessories), 30 Tests","HIV 1/2, Bioline 3.0 Kit (no accessories)",Bioline,N/A,Test kit,30.0,1800.0,43200.0,24.0,0.8,"Standard Diagnostics, Korea",Yes,560.0,5180.34,expensive,84.67,expensive
38294.0,Haiti,PMO - US,Direct Drop,EXW,Ocean,0.0,No,ARV,Adult,CIPLA LIMITED,"Lamivudine/Tenofovir Disoproxil Fumarate 300/300mg, tablets, 30 Tabs",Lamivudine/Tenofovir Disoproxil Fumarate,Generic,300/300mg,Tablet - FDC,30.0,4176.0,19209.6,4.6,0.15,"Cipla, Kurkumbh, India",Yes,426.0,2251.94,reasonable,23.76,reasonable
23194.0,Haiti,PMO - US,Direct Drop,FCA,Air,0.0,No,ARV,Pediatric,BRISTOL-MYERS SQUIBB,"Didanosine 25mg [Videx], chewable tablets, 60 Tabs",Didanosine,Videx,25mg,Chewable/dispersible tablet,60.0,160.0,1120.0,7.0,0.12,"BMS Meymac, France",Yes,43.0,1082.89,reasonable,1.85,reasonable
63817.0,Haiti,PMO - US,Direct Drop,EXW,Ocean,0.0,No,ARV,Adult,MYLAN LABORATORIES LTD (FORMERLY MATRIX LABORATORIES),"Efavirenz/Lamivudine/Tenofovir Disoproxil Fumarate 600/300/300mg, tablets, 30 Tabs",Efavirenz/Lamivudine/Tenofovir Disoproxil Fumarate,Generic,600/300/300mg,Tablet - FDC,30.0,47970.0,676377.0,14.1,0.47,Mylan (formerly Matrix) Nashik,Yes,5438.0,23708.81,expensive,948.28,expensive
54986.0,Nigeria,PMO - US,Direct Drop,EXW,Air,0.0,No,HRDT,HIV test,"CHEMBIO DIAGNOSTIC SYSTEMS, INC.","HIV 1/2, Stat-Pak HIV, Kit, 20 Tests","HIV 1/2, Stat-Pak HIV, Kit",Stat-Pak,N/A,Test kit,20.0,1301.0,37729.0,29.0,1.45,Chembio Diagnostics Sys. Inc.,Yes,376.0,2162.26,reasonable,62.25,reasonable
23105.0,Vietnam,PMO - US,Direct Drop,FCA,Air,0.0,No,ARV,Adult,ABBVIE LOGISTICS (FORMERLY ABBOTT LOGISTICS BV),"Ritonavir 100mg [Norvir], capsules, cool, 4 x 84 Caps",Ritonavir,Norvir,100mg,Capsule,336.0,14.0,2891.14,206.51,0.61,ABBVIE (Abbott) Logis. UK,Yes,52.0,7339.84,expensive,4.77,expensive
57733.0,Haiti,PMO - US,Direct Drop,EXW,Air,0.0,No,ARV,Adult,HETERO LABS LIMITED,"Lamivudine/Stavudine 150/30mg, tablets, 60 Tabs",Lamivudine/Stavudine,Generic,150/30mg,Tablet - FDC,60.0,336.0,836.64,2.49,0.04,Hetero Unit III Hyderabad IN,Yes,37.0,1845.9,reasonable,1.03,reasonable
74683.0,Tanzania,PMO - US,Direct Drop,EXW,Air,0.0,No,HRDT,HIV test,"Orgenics, Ltd","HIV 1/2, Determine Complete HIV Kit, 100 Tests","HIV 1/2, Determine Complete HIV Kit",Determine,N/A,Test kit,100.0,86.0,6880.0,80.0,0.8,Inverness Japan,Yes,40.0,1765.86,reasonable,11.35,reasonable
55783.0,Rwanda,PMO - US,Direct Drop,CIP,Air,0.0,No,ARV,Adult,Aurobindo Pharma Limited,"Abacavir 300mg, tablets, 60 Tabs",Abacavir,Generic,300mg,Tablet,60.0,9270.0,179189.1,19.33,0.32,"Aurobindo Unit III, India",Yes,1010.0,16847.52,expensive,351.21,expensive
76619.0,Namibia,PMO - US,Direct Drop,EXW,Air,0.0,No,HRDT,HIV test,"Orgenics, Ltd","HIV 1/2, Determine HIV Kit, without Lancets, 100 Tests","HIV 1/2, Determine HIV Kit, without Lancets",Determine,N/A,Test kit,100.0,500.0,35000.0,70.0,0.7,Inverness Japan,Yes,115.0,1498.16,reasonable,75.46,reasonable
5428.0,Cote d'Ivoire,PMO - US,Direct Drop,EXW,Air,0.0,No,HRDT,HIV test,"Standard Diagnostics, Inc.","HIV 1/2, Bioline 3.0 Kit, (no accessories), 30 Tests","HIV 1/2, Bioline 3.0 Kit (no accessories)",Bioline,N/A,Test kit,30.0,2000.0,47000.0,23.5,0.78,"Standard Diagnostics, Korea",Yes,750.0,7961.7,expensive,75.2,expensive
37324.0,Uganda,PMO - US,Direct Drop,EXW,Air,0.0,No,ARV,Adult,MYLAN LABORATORIES LTD (FORMERLY MATRIX LABORATORIES),"Efavirenz/Lamivudine/Tenofovir Disoproxil Fumarate 600/300/300mg, tablets, 30 Tabs",Efavirenz/Lamivudine/Tenofovir Disoproxil Fumarate,Generic,600/300/300mg,Tablet - FDC,30.0,205042.0,2458453.58,11.99,0.4,Mylan (formerly Matrix) Nashik,Yes,24556.0,146850.66,expensive,3446.75,expensive
13275.0,Vietnam,PMO - US,Direct Drop,EXW,Air,0.0,No,ARV,Adult,HETERO LABS LIMITED,"Efavirenz/Lamivudine/Tenofovir Disoproxil Fumarate 600/300/300mg, tablets, 30 Tabs",Efavirenz/Lamivudine/Tenofovir Disoproxil Fumarate,Generic,600/300/300mg,Tablet - FDC,30.0,17760.0,177600.0,10.0,0.33,Hetero Unit III Hyderabad IN,Yes,2516.0,3816.3,reasonable,209.04,reasonable
49063.0,Nigeria,PMO - US,Direct Drop,EXW,Air,0.0,No,HRDT,HIV test,"Orgenics, Ltd","HIV 1/2, Determine Complete HIV Kit, 100 Tests","HIV 1/2, Determine Complete HIV Kit",Determine,N/A,Test kit,100.0,3073.0,273497.0,89.0,0.89,"Alere Medical Co., Ltd.",Yes,1248.0,20602.3,expensive,338.32,expensive
54984.0,Tanzania,PMO - US,Direct Drop,FCA,Air,0.0,No,ARV,Pediatric,ABBVIE LOGISTICS (FORMERLY ABBOTT LOGISTICS BV),"Lopinavir/Ritonavir 100/25mg [Aluvia], tablets, 60 Tabs",Lopinavir/Ritonavir,Generic,100/25mg,Tablet,60.0,2736.0,16251.84,5.94,0.1,ABBVIE Ludwigshafen Germany,Yes,328.0,3940.54,reasonable,20.1,reasonable
68186.0,Tanzania,PMO - US,Direct Drop,EXW,Air,0.0,No,ARV,Pediatric,Aurobindo Pharma Limited,"Efavirenz 50mg, capsule, 30 Caps",Efavirenz,Generic,50mg,Capsule,30.0,3550.0,5538.0,1.56,0.05,"Aurobindo Unit III, India",Yes,255.0,2454.46,reasonable,6.85,reasonable
71388.0,South Africa,PMO - US,Direct Drop,DDP,Ocean,1.0,Yes,ARV,Adult,Aurobindo Pharma Limited,"Tenofovir Disoproxil Fumarate 300mg, tablets, 30 Tabs",Tenofovir Disoproxil Fumarate,Generic,300mg,Tablet,30.0,100.0,665.0,6.65,0.22,"Aurobindo Unit III, India",Yes,11.0,8809.05,expensive,1.1,expensive
35493.0,Zambia,PMO - US,Direct Drop,EXW,Air,0.0,No,ARV,Adult,Aurobindo Pharma Limited,"Emtricitabine/Tenofovir Disoproxil Fumarate 200/300mg, tablets, 30 Tabs",Emtricitabine/Tenofovir Disoproxil Fumarate,Generic,200/300mg,Tablet - FDC,30.0,79620.0,469758.0,5.9,0.2,"Aurobindo Unit III, India",Yes,7133.0,40583.63,expensive,581.09,expensive
62942.0,Mozambique,PMO - US,Direct Drop,FCA,Air,0.0,No,ARV,Adult,Hoffmann-La Roche ltd Basel,"Saquinavir 200mg [Invirase], capsules, 270 Caps",Saquinavir,Invirase,200mg,Capsule,270.0,392.0,37017.53,94.43,0.35,Roche Basel,Yes,202.0,2191.21,reasonable,72.55,reasonable
1644.0,Cote d'Ivoire,PMO - US,Direct Drop,EXW,Air,0.0,No,HRDT,HIV test,"Orgenics, Ltd","HIV 1/2, Determine HIV Kit, without Lancets, 100 Tests","HIV 1/2, Determine HIV Kit, without Lancets",Determine,N/A,Test kit,100.0,1116.0,78120.0,70.0,0.7,Inverness Japan,Yes,255.0,5175.72,expensive,124.99,expensive
16707.0,Kenya,PMO - US,Direct Drop,EXW,Air,0.0,No,HRDT,HIV test,"Orgenics, Ltd","HIV 1/2, Determine Complete HIV Kit, 100 Tests","HIV 1/2, Determine Complete HIV Kit",Determine,N/A,Test kit,100.0,8442.0,675360.0,80.0,0.8,Inverness Japan,Yes,1454.0,13343.23,expensive,1456.08,expensive
2892.0,Uganda,PMO - US,Direct Drop,CIP,Air,0.0,No,ARV,Adult,BRISTOL-MYERS SQUIBB,"Didanosine EC 400mg [Videx EC], delayed-release capsules, Blister 3 x 10 Caps",Didanosine EC,Videx EC,400mg,Delayed-release capsules - blister,30.0,140.0,3313.8,23.67,0.79,"BMS Meymac, France",Yes,6.0,,,5.3,expensive
67142.0,Cote d'Ivoire,PMO - US,Direct Drop,FCA,Air,0.0,No,ARV,Adult,ABBVIE LOGISTICS (FORMERLY ABBOTT LOGISTICS BV),"Lopinavir/Ritonavir 200/50mg [Aluvia], tablets, 120 Tabs",Lopinavir/Ritonavir,Aluvia,200/50mg,Tablet,120.0,10280.0,371724.8,36.16,0.3,ABBVIE Ludwigshafen Germany,Yes,2573.0,13562.35,expensive,613.35,expensive
24530.0,Kenya,PMO - US,Direct Drop,EXW,Air,0.0,No,HRDT,HIV test,"Trinity Biotech, Plc","HIV 1/2, Uni-Gold HIV Kit, 20 Tests","HIV 1/2, Uni-Gold HIV Kit",Uni-Gold,N/A,Test kit,20.0,1500.0,48000.0,32.0,1.6,"Trinity Biotech, Plc",Yes,499.0,4976.33,reasonable,79.2,reasonable
58372.0,Cote d'Ivoire,PMO - US,Direct Drop,EXW,Air,0.0,No,ARV,Pediatric,Aurobindo Pharma Limited,"Nevirapine 50mg, dispersible tablets (tablets for oral suspension), 30 Tabs",Nevirapine,Generic,50mg,Chewable/dispersible tablet,30.0,7000.0,8750.0,1.25,0.04,"Aurobindo Unit III, India",Yes,482.0,5678.33,expensive,10.82,expensive
41062.0,"Congo, DRC",PMO - US,Direct Drop,FCA,Air,0.0,No,ARV,Pediatric,ABBVIE LOGISTICS (FORMERLY ABBOTT LOGISTICS BV),"Lopinavir/Ritonavir 100/25mg [Aluvia], tablets, 60 Tabs",Lopinavir/Ritonavir,Generic,100/25mg,Tablet,60.0,304.0,1805.76,5.94,0.1,ABBVIE Ludwigshafen Germany,Yes,43.0,453.31,reasonable,2.23,reasonable
65132.0,Botswana,PMO - US,Direct Drop,EXW,Air,0.0,No,HRDT,HIV test,Orasure Technologies Inc.,"HIV 1/2, OraQuick Advance HIV Rapid Antibody Kit, 100 Tests","HIV 1/2, OraQuick Advance HIV Rapid Antibody Kit",OraQuick,N/A,Test kit,100.0,20.0,7000.0,350.0,3.5,"Pacific Biotech, Thailand",Yes,48.0,1681.44,reasonable,13.72,reasonable
30475.0,Botswana,PMO - US,Direct Drop,EXW,Air,0.0,No,HRDT,HIV test,"Orgenics, Ltd","HIV 1/2, Determine Complete HIV Kit, 100 Tests","HIV 1/2, Determine Complete HIV Kit",Determine,N/A,Test kit,100.0,10.0,800.0,80.0,0.8,Inverness Japan,Yes,5.0,760.22,reasonable,1.72,reasonable
72158.0,Tanzania,PMO - US,Direct Drop,FCA,Air,0.0,No,ARV,Adult,ABBVIE LOGISTICS (FORMERLY ABBOTT LOGISTICS BV),"Lopinavir/Ritonavir 200/50mg [Aluvia], tablets, 120 Tabs",Lopinavir/Ritonavir,Aluvia,200/50mg,Tablet,120.0,7145.0,258363.2,36.16,0.3,ABBVIE Ludwigshafen Germany,Yes,1604.0,9915.56,expensive,557.03,expensive
15195.0,Guyana,PMO - US,Direct Drop,DDU,Air,0.0,No,ARV,Pediatric,IDIS LIMITED,"Didanosine 25mg [Videx], chewable tablets, 60 Tabs",Didanosine,Videx,25mg,Chewable/dispersible tablet,60.0,270.0,12501.0,46.3,0.77,"BMS Meymac, France",Yes,59.0,180.0,reasonable,26.95,reasonable
23756.0,Namibia,PMO - US,Direct Drop,EXW,Air,0.0,No,ARV,Adult,HETERO LABS LIMITED,"Lamivudine/Nevirapine/Zidovudine 150/200/300mg, tablets, 60 Tabs",Lamivudine/Nevirapine/Zidovudine,Generic,150/300/200mg,Tablet - FDC,60.0,33516.0,277847.64,8.29,0.14,"Hetero, Jadcherla, unit 5, IN",Yes,4237.0,6786.64,expensive,285.63,expensive
1281.0,Nigeria,PMO - US,Direct Drop,EXW,Air,0.0,No,ARV,Adult,Aurobindo Pharma Limited,"Lamivudine 150mg, tablets, 60 Tabs",Lamivudine,Generic,150mg,Tablet,60.0,894.0,2994.9,3.35,0.06,"Aurobindo Unit III, India",Yes,479.0,4861.14,reasonable,,reasonable
36710.0,Malawi,PMO - US,Direct Drop,EXW,Air,0.0,No,HRDT,HIV test,"Trinity Biotech, Plc","HIV 1/2, Uni-Gold HIV Kit, 20 Tests","HIV 1/2, Uni-Gold HIV Kit",Uni-Gold,N/A,Test kit,20.0,94.0,3008.0,32.0,1.6,"Trinity Biotech, Plc",Yes,32.0,1136.31,reasonable,3.72,reasonable
34564.0,Burundi,PMO - US,Direct Drop,EXW,Air,0.0,No,HRDT,HIV test,"Orgenics, Ltd","HIV 1/2, Determine Complete HIV Kit, 100 Tests","HIV 1/2, Determine Complete HIV Kit",Determine,N/A,Test kit,100.0,1586.0,126880.0,80.0,0.8,"Alere Medical Co., Ltd.",Yes,972.0,14419.91,expensive,149.34,expensive
19940.0,Vietnam,PMO - US,Direct Drop,EXW,Air,0.0,No,ARV,Adult,MYLAN LABORATORIES LTD (FORMERLY MATRIX LABORATORIES),"Lamivudine/Zidovudine 150/300mg, tablets, 60 Tabs",Lamivudine/Zidovudine,Generic,150/300mg,Tablet - FDC,60.0,20000.0,129800.0,6.49,0.11,Mylan (formerly Matrix) Nashik,Yes,1725.0,3273.14,reasonable,133.43,reasonable
38183.0,Cote d'Ivoire,PMO - US,Direct Drop,EXW,Air,0.0,No,HRDT,HIV test,"Standard Diagnostics, Inc.","HIV 1/2, Bioline 3.0 Kit, Lancets, Capillary pipets, Alcohol swabs included, 25 Tests","HIV 1/2, Bioline 3.0 Kit, Lancets, Capillary pipets, Alcohol swabs included",Bioline,N/A,Test kit,25.0,2400.0,49200.0,20.5,0.82,"Standard Diagnostics, Korea",Yes,831.0,9254.06,expensive,60.86,expensive
17124.0,Cote d'Ivoire,PMO - US,Direct Drop,FCA,Air,0.0,No,ARV,Adult,Hoffmann-La Roche ltd Basel,"Saquinavir 500mg [Invirase], tablets, 120 Tabs",Saquinavir,Invirase,500mg,Tablet,120.0,1500.0,149780.99,99.85,0.83,Roche Basel,Yes,271.0,2527.94,reasonable,322.93,reasonable
64995.0,Nigeria,PMO - US,Direct Drop,EXW,Air,0.0,No,HRDT,HIV test,"Orgenics, Ltd","HIV 1/2, Determine Complete HIV Kit, 100 Tests","HIV 1/2, Determine Complete HIV Kit",Determine,N/A,Test kit,100.0,9330.0,830370.0,89.0,0.89,"Alere Medical Co., Ltd.",Yes,3787.0,61637.1,expensive,1027.17,expensive
37089.0,Haiti,PMO - US,Direct Drop,EXW,Air,0.0,No,ANTM,Malaria,THE MEDICAL EXPORT GROUP BV,"Chloroquine 150mg base (as phosphate), tablets, 1000 Tabs",Chloroquine base (as phosphate),Generic,150mg,Tablet,1000.0,11000.0,100540.0,9.14,0.01,"Micro Labs, Hosur, India",Yes,5051.0,37744.27,expensive,140.96,expensive
73335.0,Nigeria,PMO - US,Direct Drop,EXW,Air,0.0,No,HRDT,HIV test,"Trinity Biotech, Plc","HIV 1/2, Uni-Gold HIV Kit, 20 Tests","HIV 1/2, Uni-Gold HIV Kit",Uni-Gold,N/A,Test kit,20.0,6704.0,214528.0,32.0,1.6,"Trinity Biotech, Plc",Yes,2134.0,13771.63,expensive,252.5,expensive
50309.0,Uganda,PMO - US,Direct Drop,EXW,Air,0.0,No,ARV,Pediatric,MICRO LABS LIMITED,"Efavirenz 50mg, capsule, 30 Caps",Efavirenz,Generic,50mg,Capsule,30.0,168.0,336.0,2.0,0.07,"Micro labs, Verna, Goa, India",Yes,8.0,1021.34,reasonable,0.42,reasonable
20219.0,Vietnam,PMO - US,Direct Drop,EXW,Air,0.0,No,ARV,Adult,HETERO LABS LIMITED,"Lamivudine/Zidovudine 150/300mg, tablets, 60 Tabs",Lamivudine/Zidovudine,Generic,150/300mg,Tablet - FDC,60.0,10158.0,71918.64,7.08,0.12,Hetero Unit III Hyderabad IN,Yes,941.0,1934.17,reasonable,100.83,reasonable
53371.0,Zambia,PMO - US,Direct Drop,EXW,Air,0.0,No,HRDT,HIV test,"Trinity Biotech, Plc","HIV 1/2, Uni-Gold HIV Kit, 20 Tests","HIV 1/2, Uni-Gold HIV Kit",Uni-Gold,N/A,Test kit,20.0,7280.0,232960.0,32.0,1.6,"Trinity Biotech, Plc",Yes,2391.0,25818.23,expensive,384.38,expensive
30942.0,South Africa,PMO - US,Direct Drop,DDP,Air,0.0,No,ARV,Pediatric,Aurobindo Pharma Limited,"Nevirapine 10mg/ml, oral suspension w/syringe, Bottle, 240 ml",Nevirapine,Generic,10mg/ml,Oral suspension,240.0,9630.0,30334.5,3.15,0.01,"Aurobindo Unit III, India",Yes,3732.0,4876.34,reasonable,65.4,reasonable
55049.0,Uganda,PMO - US,Direct Drop,EXW,Air,0.0,No,ARV,Adult,Aurobindo Pharma Limited,"Efavirenz 600mg, tablets, 30 Tabs",Efavirenz,Generic,600mg,Tablet,30.0,54383.0,184902.2,3.4,0.11,"Aurobindo Unit III, India",Yes,4668.0,20869.6,expensive,259.23,expensive
43383.0,Uganda,PMO - US,Direct Drop,EXW,Air,0.0,No,ARV,Adult,Aurobindo Pharma Limited,"Didanosine 250mg, delayed-release capsules, 30 Caps",Didanosine,Generic,250mg,Delayed-release capsules,30.0,60.0,780.0,13.0,0.43,"Aurobindo Unit III, India",Yes,4.0,1045.04,reasonable,1.68,reasonable
74343.0,Ethiopia,PMO - US,Direct Drop,EXW,Air,0.0,No,HRDT,HIV test,"Trinity Biotech, Plc","HIV 1/2, Uni-Gold HIV Kit, 20 Tests","HIV 1/2, Uni-Gold HIV Kit",Uni-Gold,N/A,Test kit,20.0,540.0,17280.0,32.0,1.6,"Trinity Biotech, Plc",Yes,165.0,1442.44,reasonable,17.76,reasonable
37925.0,South Africa,PMO - US,Direct Drop,DDP,Air,0.0,No,ARV,Adult,Aurobindo Pharma Limited,"Efavirenz 600mg, tablets, 30 Tabs",Efavirenz,Generic,600mg,Tablet,30.0,25190.0,117637.3,4.67,0.16,"Aurobindo Unit III, India",Yes,2131.0,5886.9,expensive,253.63,expensive
41892.0,Vietnam,PMO - US,Direct Drop,EXW,Air,0.0,No,ARV,Adult,HETERO LABS LIMITED,"Zidovudine 300mg, tablets, 60 Tabs",Zidovudine,Generic,300mg,Tablet,60.0,497.0,2857.75,5.75,0.1,Hetero Unit III Hyderabad IN,Yes,117.0,658.27,reasonable,3.54,reasonable
14018.0,Haiti,PMO - US,Direct Drop,EXW,Air,0.0,No,ARV,Adult,HETERO LABS LIMITED,"Lamivudine/Zidovudine 150/300mg, tablets, 60 Tabs",Lamivudine/Zidovudine,Generic,150/300mg,Tablet - FDC,60.0,50544.0,334095.84,6.61,0.11,"Hetero, Jadcherla, unit 5, IN",Yes,4669.0,34778.32,expensive,343.45,expensive
42757.0,Cote d'Ivoire,PMO - US,Direct Drop,FCA,Air,0.0,No,ARV,Adult,ABBVIE LOGISTICS (FORMERLY ABBOTT LOGISTICS BV),"Ritonavir 100mg [Norvir], film coated tablets, 60 Tabs",Ritonavir,Norvir,100mg,Tablet,60.0,4014.0,27495.9,6.85,0.11,ABBVIE Ludwigshafen Germany,Yes,507.0,4520.66,reasonable,59.28,reasonable
63296.0,Botswana,PMO - US,Direct Drop,EXW,Air,0.0,No,HRDT,HIV test - Ancillary,"Trinity Biotech, Plc","#109436**HIV 1, Uni-Gold Recombigen HIV Control, Vial 2 x 0.5 ml","HIV 1, Uni-Gold Recombigen HIV Control, Vial 2 x 0.5 ml",Uni-Gold,N/A,Test kit - Ancillary,2.0,15.0,465.0,31.0,15.5,"Trinity Biotech, Plc",Yes,1.0,650.97,reasonable,1.0,reasonable
63355.0,Ghana,PMO - US,Direct Drop,EXW,Air,0.0,No,ARV,Adult,Aurobindo Pharma Limited,"Lopinavir/Ritonavir 200/50mg, tablets, 120 Tabs",Lopinavir/Ritonavir,Generic,200/50mg,Tablet,120.0,3393.0,73967.4,21.8,0.18,"Aurobindo Unit III, India",Yes,901.0,7326.63,expensive,76.04,expensive
7984.0,Haiti,PMO - US,Direct Drop,EXW,Air,0.0,No,HRDT,HIV test,"Trinity Biotech, Plc","HIV 1/2, Capillus HIV Kit, 100 Tests","HIV 1/2, Capillus HIV Kit",Capillus,N/A,Test kit,100.0,60.0,10500.0,175.0,1.75,Not Applicable,Yes,40.0,749.96,reasonable,,reasonable
16794.0,Rwanda,PMO - US,Direct Drop,EXW,Air,0.0,No,ARV,Pediatric,Aurobindo Pharma Limited,"Nevirapine 10mg/ml, oral suspension w/syringe, Bottle, 240 ml",Nevirapine,Generic,10mg/ml,Oral suspension,240.0,9690.0,14631.9,1.51,0.01,"Aurobindo Unit III, India",Yes,3790.0,66260.33,expensive,15.04,expensive
8648.0,Nigeria,PMO - US,Direct Drop,EXW,Air,0.0,No,HRDT,HIV test,"CHEMBIO DIAGNOSTIC SYSTEMS, INC.","HIV 1/2, Stat-Pak HIV, Kit, 20 Tests","HIV 1/2, Stat-Pak HIV, Kit",Stat-Pak,N/A,Test kit,20.0,10594.0,286038.0,27.0,1.35,Chembio Diagnostics Sys. Inc.,Yes,3039.0,24025.77,expensive,560.63,expensive
5249.0,Vietnam,PMO - US,Direct Drop,CIP,Air,0.0,No,ARV,Adult,ABBVIE LOGISTICS (FORMERLY ABBOTT LOGISTICS BV),"Lopinavir/Ritonavir 133.3/33.3mg [Kaletra], capsules, cool, 2 x 90 Caps",Lopinavir/Ritonavir,Kaletra,133.3/33.3mg,Capsule,180.0,198.0,35802.36,180.82,1.0,ABBVIE (Abbott) St. P'burg USA,Yes,389.0,7286.16,expensive,,expensive
22196.0,Vietnam,PMO - US,Direct Drop,EXW,Air,0.0,No,ARV,Adult,MICRO LABS LIMITED,"Efavirenz 600mg, tablets, 30 Tabs",Efavirenz,Generic,600mg,Tablet,30.0,21000.0,62580.0,2.98,0.1,"Micro labs, Verna, Goa, India",Yes,3244.0,6195.84,expensive,64.33,expensive
25293.0,Rwanda,PMO - US,Direct Drop,CIP,Air,0.0,No,ARV,Adult,MYLAN LABORATORIES LTD (FORMERLY MATRIX LABORATORIES),"Lamivudine/Zidovudine 150/300mg, tablets, 60 Tabs",Lamivudine/Zidovudine,Generic,150/300mg,Tablet - FDC,60.0,34464.0,310176.0,9.0,0.15,Mylan (formerly Matrix) Nashik,Yes,2768.0,29603.24,expensive,607.94,expensive
19250.0,Cote d'Ivoire,PMO - US,Direct Drop,CIP,Air,0.0,No,ARV,Pediatric,BRISTOL-MYERS SQUIBB,"Didanosine 50mg [Videx], chewable tablets, 60 Tabs",Didanosine,Videx,50mg,Chewable/dispersible tablet,60.0,4245.0,40327.5,9.5,0.16,"BMS Meymac, France",Yes,833.0,1134.5,reasonable,86.95,reasonable
81888.0,Nigeria,PMO - US,Direct Drop,EXW,Air,0.0,No,HRDT,HIV test,"Orgenics, Ltd","HIV 1/2, Determine Complete HIV Kit, 100 Tests","HIV 1/2, Determine Complete HIV Kit",Determine,N/A,Test kit,100.0,9363.0,833307.0,89.0,0.89,"Alere Medical Co., Ltd.",Yes,3800.0,58592.54,expensive,1030.8,expensive
77952.0,Rwanda,PMO - US,Direct Drop,EXW,Air,0.0,No,HRDT,HIV test,"SHANGHAI KEHUA BIOENGINEERING CO.,LTD.  (KHB)","HIV 1/2, SKB Colloidal Gold, Diagnostic Kit, Antibody, 50 Tests","HIV 1/2, Colloidal Gold, Diagnostic Kit, Antibody",Colloidal Gold,N/A,Test kit,1.0,5994.0,146853.0,24.5,24.5,"KHB Test Kit Facility, Shanghai China",Yes,3996.0,53102.22,expensive,150.96,expensive
1628.0,Zambia,PMO - US,Direct Drop,EXW,Air,0.0,No,HRDT,HIV test,"Trinity Biotech, Plc","HIV 1/2, Uni-Gold HIV Kit, 20 Tests","HIV 1/2, Uni-Gold HIV Kit",Uni-Gold,N/A,Test kit,20.0,6040.0,193280.0,32.0,1.6,"Trinity Biotech, Plc",Yes,2052.0,24689.0,expensive,309.25,expensive
2503.0,Kenya,PMO - US,Direct Drop,EXW,Air,0.0,No,HRDT,HIV test,"Trinity Biotech, Plc","HIV 1/2, Uni-Gold HIV Kit, 20 Tests","HIV 1/2, Uni-Gold HIV Kit",Uni-Gold,N/A,Test kit,20.0,4995.0,159840.0,32.0,1.6,"Trinity Biotech, Plc",Yes,4995.0,275.0,reasonable,313.29,reasonable
46170.0,South Africa,PMO - US,Direct Drop,DDP,Ocean,0.0,No,ARV,Adult,Aurobindo Pharma Limited,"Lamivudine/Zidovudine 150/300mg, tablets, 60 Tabs",Lamivudine/Zidovudine,Generic,150/300mg,Tablet - FDC,60.0,19836.0,167019.12,8.42,0.14,"Aurobindo Unit III, India",Yes,1820.0,698.0,reasonable,275.58,reasonable
16805.0,Uganda,PMO - US,Direct Drop,EXW,Air,0.0,No,HRDT,HIV test,"CHEMBIO DIAGNOSTIC SYSTEMS, INC.","HIV 1/2, Stat-Pak Dipstick Assay Kit, 30 Tests","HIV 1/2, Stat-Pak Dipstick Assay Kit",Stat-Pak,N/A,Test kit,30.0,1458.0,40240.8,27.6,0.92,Chembio Diagnostics Sys. Inc.,Yes,158.0,3824.96,reasonable,49.78,reasonable
44816.0,Nigeria,PMO - US,Direct Drop,EXW,Air,0.0,No,HRDT,HIV test,"Orgenics, Ltd","HIV 1/2, Determine Complete HIV Kit, 100 Tests","HIV 1/2, Determine Complete HIV Kit",Determine,N/A,Test kit,100.0,6158.0,548062.0,89.0,0.89,"Alere Medical Co., Ltd.",Yes,2493.0,31090.27,expensive,563.41,expensive
7469.0,Ethiopia,PMO - US,Direct Drop,EXW,Air,0.0,No,HRDT,HIV test,"SHANGHAI KEHUA BIOENGINEERING CO.,LTD.  (KHB)","HIV 1/2, SKB Colloidal Gold, Diagnostic Kit, Antibody, 50 Tests","HIV 1/2, Colloidal Gold, Diagnostic Kit, Antibody",Colloidal Gold,N/A,Test kit,1.0,3510.0,80730.0,23.0,23.0,"KHB Test Kit Facility, Shanghai China",Yes,2535.0,23035.69,expensive,158.23,expensive
10406.0,Nigeria,PMO - US,Direct Drop,EXW,Air,0.0,No,HRDT,HIV test,"Orgenics, Ltd","HIV 1/2, Determine Complete HIV Kit, 100 Tests","HIV 1/2, Determine Complete HIV Kit",Determine,N/A,Test kit,100.0,6393.0,511440.0,80.0,0.8,Inverness Japan,Yes,1920.0,30697.91,expensive,1002.42,expensive
68577.0,"Congo, DRC",PMO - US,Direct Drop,EXW,Air,0.0,No,HRDT,HIV test,"Orgenics, Ltd","HIV 1/2, Determine Complete HIV Kit, 100 Tests","HIV 1/2, Determine Complete HIV Kit",Determine,N/A,Test kit,100.0,1505.0,120400.0,80.0,0.8,"Alere Medical Co., Ltd.",Yes,746.0,13037.01,expensive,168.8,expensive
75671.0,Haiti,PMO - US,Direct Drop,EXW,Ocean,0.0,No,ARV,Pediatric,Aurobindo Pharma Limited,"Efavirenz 50mg, capsule, 30 Caps",Efavirenz,Generic,50mg,Capsule,30.0,2688.0,4193.28,1.56,0.05,"Aurobindo Unit III, India",Yes,154.0,2520.54,reasonable,5.19,reasonable
78985.0,Zambia,PMO - US,Direct Drop,EXW,Air,0.0,No,HRDT,HIV test,"Orgenics, Ltd","HIV 1/2, Determine Complete HIV Kit, 100 Tests","HIV 1/2, Determine Complete HIV Kit",Determine,N/A,Test kit,100.0,2282.0,164304.0,72.0,0.72,Inverness Japan,Yes,1106.0,16793.45,expensive,322.04,expensive
77413.0,Zambia,PMO - US,Direct Drop,EXW,Air,0.0,No,ARV,Adult,Aurobindo Pharma Limited,"Nevirapine 200mg, tablets, 60 Tabs",Nevirapine,Generic,200mg,Tablet,60.0,34165.0,76871.25,2.25,0.04,"Aurobindo Unit III, India",Yes,3503.0,19461.76,expensive,79.02,expensive
13027.0,Vietnam,PMO - US,Direct Drop,EXW,Air,0.0,No,ARV,Adult,HETERO LABS LIMITED,"Efavirenz 600mg, tablets, 30 Tabs",Efavirenz,Generic,600mg,Tablet,30.0,5300.0,18550.0,3.5,0.12,Hetero Unit III Hyderabad IN,Yes,2922.0,5616.02,expensive,19.07,expensive
69528.0,Nigeria,PMO - US,Direct Drop,EXW,Air,0.0,No,HRDT,HIV test,"Orgenics, Ltd","HIV 1/2, Determine Complete HIV Kit, 100 Tests","HIV 1/2, Determine Complete HIV Kit",Determine,N/A,Test kit,100.0,2744.0,244216.0,89.0,0.89,"Alere Medical Co., Ltd.",Yes,1303.0,28734.43,expensive,342.39,expensive
37963.0,Vietnam,PMO - US,Direct Drop,EXW,Air,0.0,No,ARV,Adult,MYLAN LABORATORIES LTD (FORMERLY MATRIX LABORATORIES),"Nevirapine 200mg, tablets, 60 Tabs",Nevirapine,Generic,200mg,Tablet,60.0,1556.0,4045.6,2.6,0.04,Mylan (formerly Matrix) Nashik,Yes,2113.0,10784.69,expensive,6.68,expensive
1861.0,Rwanda,PMO - US,Direct Drop,EXW,Air,0.0,No,HRDT,HIV test,"Trinity Biotech, Plc","HIV 1/2, Capillus HIV Kit, 100 Tests","HIV 1/2, Capillus HIV Kit",Capillus,N/A,Test kit,100.0,340.0,47260.0,139.0,1.39,"Trinity Biotech, Plc",Yes,234.0,5446.06,expensive,75.62,expensive
27777.0,Ethiopia,PMO - US,Direct Drop,EXW,Air,0.0,No,HRDT,HIV test,"SHANGHAI KEHUA BIOENGINEERING CO.,LTD.  (KHB)","HIV 1/2, SKB Colloidal Gold, Diagnostic Kit, Antibody, 50 Tests","HIV 1/2, Colloidal Gold, Diagnostic Kit, Antibody",Colloidal Gold,N/A,Test kit,1.0,1362.0,33369.0,24.5,24.5,"KHB Test Kit Facility, Shanghai China",Yes,950.0,8859.91,expensive,46.78,expensive
32316.0,Sudan,PMO - US,Direct Drop,EXW,Air,0.0,No,HRDT,HIV test - Ancillary,"Orgenics, Ltd","Capillary Tubes, for Determine, EDTA, 50uL,100 Pcs","HIV, Capillary Tubes, for Determine, EDTA, 50uL,100 Pcs",Determine,N/A,Test kit - Ancillary,100.0,2.0,16.0,8.0,0.08,"Alere Medical Co., Ltd.",Yes,2.0,885.49,reasonable,0.03,reasonable
6671.0,Cote d'Ivoire,PMO - US,Direct Drop,CIP,Air,0.0,No,ARV,Pediatric,BRISTOL-MYERS SQUIBB,"#102198**Didanosine 200mg [Videx], tablets, 60 Tabs",Didanosine,Videx,200mg,Tablet,60.0,5721.0,145885.5,25.5,0.42,"BMS Meymac, France",Yes,1232.0,,,233.42,expensive
4594.0,Guyana,PMO - US,Direct Drop,EXW,Air,0.0,No,HRDT,HIV test,"Trinity Biotech, Plc","HIV 1/2, Uni-Gold HIV Kit, 20 Tests","HIV 1/2, Uni-Gold HIV Kit",Uni-Gold,N/A,Test kit,20.0,1062.0,33984.0,32.0,1.6,"Trinity Biotech, Plc",Yes,1062.0,3976.33,reasonable,54.37,reasonable
6724.0,Vietnam,PMO - US,Direct Drop,EXW,Air,0.0,No,ARV,Pediatric,Aurobindo Pharma Limited,"Didanosine 100mg, chewable/dispersible tablets, 60 Tabs",Didanosine,Generic,100mg,Chewable/dispersible tablet,60.0,1200.0,9300.0,7.75,0.13,"Aurobindo Unit III, India",Yes,249.0,3719.91,reasonable,14.88,reasonable
19289.0,Haiti,PMO - US,Direct Drop,FCA,Air,0.0,No,ARV,Adult,ABBVIE LOGISTICS (FORMERLY ABBOTT LOGISTICS BV),"Lopinavir/Ritonavir 200/50mg [Aluvia], tablets, 120 Tabs",Lopinavir/Ritonavir,Aluvia,200/50mg,Tablet,120.0,646.0,12480.72,19.32,0.16,ABBVIE Ludwigshafen Germany,Yes,166.0,737.11,reasonable,15.44,reasonable
13708.0,"Congo, DRC",PMO - US,Direct Drop,EXW,Air,0.0,No,HRDT,HIV test,"Trinity Biotech, Plc","HIV 1/2, Uni-Gold HIV Kit, 20 Tests","HIV 1/2, Uni-Gold HIV Kit",Uni-Gold,N/A,Test kit,20.0,32.0,1024.0,32.0,1.6,"Trinity Biotech, Plc",Yes,54.0,2734.02,reasonable,1.05,reasonable
60104.0,Cote d'Ivoire,PMO - US,Direct Drop,CIP,Air,0.0,No,ARV,Adult,GLAXOSMITHKLINE EXPORT LIMITED,"Abacavir/Lamivudine/Zidovudine 300/150/300mg [Trizivir], tablets, 60 Tabs",Abacavir/Lamivudine/Zidovudine,Trizivir,300/150/300mg,Tablet - FDC,60.0,4640.0,249214.4,53.71,0.9,GSK Ware (UK),Yes,685.0,1807.36,reasonable,488.46,reasonable
38312.0,Uganda,PMO - US,Direct Drop,FCA,Air,0.0,No,ARV,Adult,ABBVIE LOGISTICS (FORMERLY ABBOTT LOGISTICS BV),"Ritonavir 100mg [Norvir], capsules, cool, 4 x 84 Caps",Ritonavir,Norvir,100mg,Capsule,336.0,21.0,805.56,38.36,0.11,ABBVIE (Abbott) Logis. UK,Yes,58.0,776.62,reasonable,1.58,reasonable
45977.0,Tanzania,PMO - US,Direct Drop,EXW,Air,0.0,No,ARV,Adult,Aurobindo Pharma Limited,"Zidovudine 300mg, tablets, 60 Tabs",Zidovudine,Generic,300mg,Tablet,60.0,20172.0,109533.96,5.43,0.09,"Aurobindo Unit III, India",Yes,1104.0,5765.11,expensive,135.49,expensive
23718.0,Botswana,PMO - US,Direct Drop,EXW,Air,0.0,No,HRDT,HIV test - Ancillary,"Trinity Biotech, Plc","#109436**HIV 1, Uni-Gold Recombigen HIV Control, Vial 2 x 0.5 ml","HIV 1, Uni-Gold Recombigen HIV Control, Vial 2 x 0.5 ml",Uni-Gold,N/A,Test kit - Ancillary,2.0,15.0,465.0,31.0,15.5,"Trinity Biotech, Plc",Yes,1.0,599.73,reasonable,1.0,reasonable
14348.0,Nigeria,PMO - US,Direct Drop,EXW,Air,0.0,No,HRDT,HIV test,"Orgenics, Ltd","HIV 1/2, Determine Complete HIV Kit, 100 Tests","HIV 1/2, Determine Complete HIV Kit",Determine,N/A,Test kit,100.0,2044.0,181916.0,89.0,0.89,Inverness Japan,Yes,976.0,26014.88,expensive,300.16,expensive
1956.0,Vietnam,PMO - US,Direct Drop,EXW,Air,0.0,No,ARV,Adult,MYLAN LABORATORIES LTD (FORMERLY MATRIX LABORATORIES),"Efavirenz 600mg, tablets, 30 Tabs",Efavirenz,Generic,600mg,Tablet,30.0,8400.0,85596.0,10.19,0.34,Mylan (formerly Matrix) Nashik,Yes,613.0,3247.73,reasonable,167.77,reasonable
438.0,Vietnam,PMO - US,Direct Drop,CIP,Air,0.0,No,ARV,Pediatric,BRISTOL-MYERS SQUIBB,"Didanosine 25mg [Videx], chewable tablets, 60 Tabs",Didanosine,Videx,25mg,Chewable/dispersible tablet,60.0,400.0,2800.0,7.0,0.12,"BMS Meymac, France",Yes,81.0,2211.05,reasonable,4.48,reasonable
34010.0,Uganda,PMO - US,Direct Drop,EXW,Air,0.0,No,ARV,Adult,EMCURE PHARMACEUTICALS LTD,"Atazanavir/Ritonavir 300/100mg, tablets, 30 Tabs",Atazanavir/Ritonavir,Generic,300/100mg,Tablet,30.0,1000.0,18000.0,18.0,0.6,"Emcure Plot No.P-2, I.T-B.T. Park, Phase II, MIDC, Hinjwadi, Pune, India",Yes,132.0,1329.99,reasonable,21.19,reasonable
34769.0,Uganda,PMO - US,Direct Drop,EXW,Air,0.0,No,HRDT,HIV test,"CHEMBIO DIAGNOSTIC SYSTEMS, INC.","HIV 1/2, Stat-Pak HIV, Kit, 20 Tests","HIV 1/2, Stat-Pak HIV, Kit",Stat-Pak,N/A,Test kit,20.0,6200.0,192200.0,31.0,1.55,Chembio Diagnostics Sys. Inc.,Yes,2328.0,13456.05,expensive,226.22,expensive
21044.0,Vietnam,PMO - US,Direct Drop,EXW,Air,0.0,No,ARV,Adult,MYLAN LABORATORIES LTD (FORMERLY MATRIX LABORATORIES),"Lamivudine/Zidovudine 150/300mg, tablets, 60 Tabs",Lamivudine/Zidovudine,Generic,150/300mg,Tablet - FDC,60.0,1652.0,10721.48,6.49,0.11,Mylan (formerly Matrix) Nashik,Yes,146.0,746.89,reasonable,13.26,reasonable
40484.0,Kenya,PMO - US,Direct Drop,EXW,Air,0.0,No,HRDT,HIV test,"Orgenics, Ltd","HIV 1/2, Determine Complete HIV Kit, 100 Tests","HIV 1/2, Determine Complete HIV Kit",Determine,N/A,Test kit,100.0,8563.0,762107.0,89.0,0.89,Inverness Japan,Yes,1474.0,15687.32,expensive,1643.1,expensive
59991.0,Zambia,PMO - US,Direct Drop,EXW,Air,0.0,No,ARV,Adult,Aurobindo Pharma Limited,"Emtricitabine/Tenofovir Disoproxil Fumarate 200/300mg, tablets, 30 Tabs",Emtricitabine/Tenofovir Disoproxil Fumarate,Generic,200/300mg,Tablet - FDC,30.0,100000.0,735000.0,7.35,0.24,"Aurobindo Unit III, India",Yes,9390.0,45118.64,expensive,1030.47,expensive
45149.0,Vietnam,PMO - US,Direct Drop,EXW,Air,0.0,No,ARV,Adult,Aurobindo Pharma Limited,"Didanosine 250mg, delayed-release capsules, 30 Caps",Didanosine,Generic,250mg,Delayed-release capsules,30.0,300.0,3900.0,13.0,0.43,"Aurobindo Unit III, India",Yes,21.0,3657.69,reasonable,8.41,reasonable
47853.0,Tanzania,PMO - US,Direct Drop,EXW,Air,0.0,No,HRDT,HIV test,"Orgenics, Ltd","HIV 1/2, Determine HIV Kit, without Lancets, 100 Tests","HIV 1/2, Determine HIV Kit, without Lancets",Determine,N/A,Test kit,100.0,2024.0,141680.0,70.0,0.7,Inverness Japan,Yes,461.0,6923.2,expensive,277.69,expensive
8017.0,Haiti,PMO - US,Direct Drop,EXW,Air,0.0,No,HRDT,HIV test,Abbott GmbH & Co. KG,"HIV 1/2, Determine Complete HIV Kit, 100 Tests","HIV 1/2, Determine Complete HIV Kit",Determine,N/A,Test kit,100.0,1000.0,80000.0,80.0,0.8,ABBVIE GmbH & Co.KG Wiesbaden,Yes,343.0,2802.42,reasonable,,reasonable
68735.0,Tanzania,PMO - US,Direct Drop,EXW,Air,0.0,No,HRDT,HIV test,"Standard Diagnostics, Inc.","HIV 1/2, Bioline 3.0 Kit, Lancets, Capillary pipets, Alcohol swabs included, 25 Tests","HIV 1/2, Bioline 3.0 Kit, Lancets, Capillary pipets, Alcohol swabs included",Bioline,N/A,Test kit,25.0,10000.0,200000.0,20.0,0.8,"Standard Diagnostics, Korea",Yes,3334.0,22086.15,expensive,330.0,expensive
56550.0,Tanzania,PMO - US,Direct Drop,FCA,Air,0.0,No,ARV,Adult,ABBVIE LOGISTICS (FORMERLY ABBOTT LOGISTICS BV),"Ritonavir 100mg [Norvir], capsules, cool, 4 x 84 Caps",Ritonavir,Norvir,100mg,Capsule,336.0,645.0,24742.2,38.36,0.11,ABBVIE (Abbott) Logis. UK,Yes,1210.0,7015.04,expensive,48.49,expensive
74930.0,Zambia,PMO - US,Direct Drop,EXW,Air,0.0,No,HRDT,HIV test,"Orgenics, Ltd","HIV 1/2, Determine Complete HIV Kit, 100 Tests","HIV 1/2, Determine Complete HIV Kit",Determine,N/A,Test kit,100.0,2898.0,208656.0,72.0,0.72,Inverness Japan,Yes,1409.0,21714.68,expensive,408.97,expensive
73211.0,Uganda,PMO - US,Direct Drop,FCA,Air,0.0,No,ARV,Adult,ABBVIE LOGISTICS (FORMERLY ABBOTT LOGISTICS BV),"Ritonavir 100mg [Norvir], film coated tablets, 60 Tabs",Ritonavir,Norvir,100mg,Tablet,60.0,210.0,1438.5,6.85,0.11,ABBVIE Ludwigshafen Germany,Yes,32.0,852.02,reasonable,1.78,reasonable
9585.0,Mozambique,PMO - US,Direct Drop,EXW,Air,0.0,No,HRDT,HIV test,"Trinity Biotech, Plc","HIV 1/2, Uni-Gold HIV Kit, 20 Tests","HIV 1/2, Uni-Gold HIV Kit",Uni-Gold,N/A,Test kit,20.0,5300.0,169600.0,32.0,1.6,"Trinity Biotech, Plc",Yes,1796.0,32437.45,expensive,271.36,expensive
7398.0,Cote d'Ivoire,PMO - US,Direct Drop,EXW,Air,0.0,No,HRDT,HIV test,BIO-RAD LABORATORIES (FRANCE),"#108853** HIV, Genie II HIV-1/HIV-2 Kit, 40 Tests","HIV, Genie II HIV-1/HIV-2 Kit",Genie,N/A,Test kit,40.0,603.0,45828.0,76.0,1.9,Bio-Rad Laboratories,Yes,679.0,9698.22,expensive,89.82,expensive
25844.0,Tanzania,PMO - US,Direct Drop,EXW,Air,0.0,No,HRDT,HIV test,"Orgenics, Ltd","HIV 1/2, Determine Complete HIV Kit, 100 Tests","HIV 1/2, Determine Complete HIV Kit",Determine,N/A,Test kit,100.0,1130.0,90400.0,80.0,0.8,"Alere Medical Co., Ltd.",Yes,537.0,10626.8,expensive,126.74,expensive
68572.0,Tanzania,PMO - US,Direct Drop,EXW,Air,0.0,No,ARV,Adult,MYLAN LABORATORIES LTD (FORMERLY MATRIX LABORATORIES),"Atazanavir/Ritonavir 300/100mg, tablets, 30 Tabs",Atazanavir/Ritonavir,Generic,300/100mg,Tablet,30.0,10565.0,211300.0,20.0,0.67,Mylan (formerly Matrix) Nashik,Yes,1412.0,6758.01,expensive,217.22,expensive
78949.0,Zimbabwe,PMO - US,Direct Drop,EXW,Air,0.0,No,HRDT,HIV test,"Orgenics, Ltd","HIV 1/2, Determine Complete HIV Kit, 100 Tests","HIV 1/2, Determine Complete HIV Kit",Determine,N/A,Test kit,100.0,1915.0,137880.0,72.0,0.72,Inverness Japan,Yes,967.0,18212.87,expensive,297.27,expensive
54465.0,Mozambique,PMO - US,Direct Drop,EXW,Air,0.0,No,HRDT,HIV test,"Orgenics, Ltd","HIV 1/2, Determine Complete HIV Kit, 100 Tests","HIV 1/2, Determine Complete HIV Kit",Determine,N/A,Test kit,100.0,2928.0,234240.0,80.0,0.8,"Alere Medical Co., Ltd.",Yes,1325.0,13303.36,expensive,289.75,expensive
32953.0,Rwanda,PMO - US,Direct Drop,EXW,Air,0.0,No,ARV,Adult,MYLAN LABORATORIES LTD (FORMERLY MATRIX LABORATORIES),"Abacavir/Lamivudine 600/300mg, tablets, 30 Tabs",Abacavir/Lamivudine,Generic,600/300mg,Tablet - FDC,30.0,40705.0,549110.45,13.49,0.45,Mylan (formerly Matrix) Nashik,Yes,3948.0,24035.49,expensive,679.25,expensive
62935.0,Rwanda,PMO - US,Direct Drop,FCA,Air,0.0,No,ARV,Pediatric,ABBVIE LOGISTICS (FORMERLY ABBOTT LOGISTICS BV),"Lopinavir/Ritonavir 80/20mg/ml [Kaletra], oral solution, cool, Bottle 5 x 60 ml",Lopinavir/Ritonavir,Kaletra,80/20mg/ml,Oral solution,300.0,252.0,7766.64,30.82,0.1,ABBVIE (Abbott) Logis. UK,Yes,316.0,2905.84,reasonable,9.14,reasonable
139.0,Tanzania,PMO - US,Direct Drop,EXW,Air,0.0,No,HRDT,HIV test,"Standard Diagnostics, Inc.","HIV 1/2, Bioline 3.0 Kit, Lancets, Capillary pipets, Alcohol swabs included, 25 Tests","HIV 1/2, Bioline 3.0 Kit, Lancets, Capillary pipets, Alcohol swabs included",Bioline,N/A,Test kit,25.0,10000.0,200000.0,20.0,0.8,"Standard Diagnostics, Korea",Yes,3335.0,28461.1,expensive,320.0,expensive
37379.0,Haiti,PMO - US,Direct Drop,EXW,Air,0.0,No,ARV,Pediatric,CIPLA LIMITED,"Abacavir 60mg, dispersible tablets, 60 Tabs",Abacavir,Generic,60mg,Chewable/dispersible tablet,60.0,741.0,3705.0,5.0,0.08,"Cipla, Patalganga, India",Yes,66.0,1572.92,reasonable,4.58,reasonable
80616.0,Cote d'Ivoire,PMO - US,Direct Drop,FCA,Air,0.0,No,ARV,Adult,ABBVIE LOGISTICS (FORMERLY ABBOTT LOGISTICS BV),"Lopinavir/Ritonavir 200/50mg [Aluvia], tablets, 120 Tabs",Lopinavir/Ritonavir,Aluvia,200/50mg,Tablet,120.0,9517.0,320722.9,33.7,0.28,ABBVIE Ludwigshafen Germany,Yes,2368.0,17068.85,expensive,529.19,expensive
35043.0,Vietnam,PMO - US,Direct Drop,EXW,Air,0.0,No,ARV,Adult,HETERO LABS LIMITED,"Efavirenz/Lamivudine/Tenofovir Disoproxil Fumarate 600/300/300mg, tablets, 30 Tabs",Efavirenz/Lamivudine/Tenofovir Disoproxil Fumarate,Generic,600/300/300mg,Tablet - FDC,30.0,18880.0,198240.0,10.5,0.35,Hetero Unit III Hyderabad IN,Yes,2452.0,3691.22,reasonable,203.79,reasonable
37177.0,South Africa,PMO - US,Direct Drop,DDP,Ocean,0.0,No,ARV,Adult,Aurobindo Pharma Limited,"Zidovudine 300mg, tablets, 60 Tabs",Zidovudine,Generic,300mg,Tablet,60.0,66793.0,487588.9,7.3,0.12,"Aurobindo Unit III, India",Yes,3458.0,3787.72,reasonable,804.52,reasonable
23584.0,Uganda,PMO - US,Direct Drop,CIP,Air,0.0,No,ARV,Adult,MERCK SHARP & DOHME IDEA GMBH (FORMALLY MERCK SHARP & DOHME B.V.),"Indinavir 400mg [Crixivan], capsules, 180 Caps",Indinavir,Crixivan,400mg,Capsule,180.0,48.0,2400.0,50.0,0.28,"MSD, Haarlem, NL",Yes,11.0,48.0,reasonable,4.7,reasonable
50730.0,Haiti,PMO - US,Direct Drop,FCA,Air,0.0,No,ARV,Pediatric,LAWRENCE LABORATORIES (SUBSIDIARY OF BRISTOL MYERS SQUIBB),"Didanosine 25mg [Videx], chewable tablets, 60 Tabs",Didanosine,Videx,25mg,Chewable/dispersible tablet,60.0,120.0,840.0,7.0,0.12,Bristol-Myers Squibb Anagni IT,Yes,26.0,575.17,reasonable,1.18,reasonable
13555.0,Vietnam,PMO - US,Direct Drop,EXW,Air,0.0,No,ARV,Adult,MYLAN LABORATORIES LTD (FORMERLY MATRIX LABORATORIES),"Lamivudine/Nevirapine/Zidovudine 150/200/300mg, tablets, 60 Tabs",Lamivudine/Nevirapine/Zidovudine,Generic,150/300/200mg,Tablet - FDC,60.0,13000.0,105300.0,8.1,0.13,Mylan (formerly Matrix) Nashik,Yes,2672.0,2504.64,reasonable,108.25,reasonable
62433.0,Mozambique,PMO - US,Direct Drop,EXW,Air,0.0,No,HRDT,HIV test,"Trinity Biotech, Plc","HIV 1/2, Uni-Gold HIV Kit, 20 Tests","HIV 1/2, Uni-Gold HIV Kit",Uni-Gold,N/A,Test kit,20.0,4200.0,134400.0,32.0,1.6,"Trinity Biotech, Plc",Yes,1650.0,23167.84,expensive,263.42,expensive
24051.0,Tanzania,PMO - US,Direct Drop,EXW,Air,0.0,No,HRDT,HIV test,"Standard Diagnostics, Inc.","HIV 1/2, Bioline 3.0 Kit, (no accessories), 30 Tests","HIV 1/2, Bioline 3.0 Kit (no accessories)",Bioline,N/A,Test kit,30.0,9720.0,233280.0,24.0,0.8,"Standard Diagnostics, Korea",Yes,3240.0,36096.76,expensive,457.23,expensive
42295.0,Vietnam,PMO - US,Direct Drop,EXW,Air,0.0,No,ARV,Adult,HETERO LABS LIMITED,"Efavirenz/Lamivudine/Tenofovir Disoproxil Fumarate 600/300/300mg, tablets, 30 Tabs",Efavirenz/Lamivudine/Tenofovir Disoproxil Fumarate,Generic,600/300/300mg,Tablet - FDC,30.0,5280.0,55440.0,10.5,0.35,Hetero Unit III Hyderabad IN,Yes,1570.0,2690.2,reasonable,56.99,reasonable
63289.0,Cameroon,PMO - US,Direct Drop,EXW,Air,0.0,No,HRDT,HIV test,"Orgenics, Ltd","HIV 1/2, Determine Complete HIV Kit, 100 Tests","HIV 1/2, Determine Complete HIV Kit",Determine,N/A,Test kit,100.0,5000.0,400000.0,80.0,0.8,"Alere Medical Co., Ltd.",Yes,1238.0,46044.38,expensive,494.8,expensive
51233.0,Vietnam,PMO - US,Direct Drop,EXW,Air,0.0,No,ARV,Adult,HETERO LABS LIMITED,"Lamivudine 150mg, tablets, 60 Tabs",Lamivudine,Generic,150mg,Tablet,60.0,9400.0,16920.0,1.8,0.03,Hetero Unit III Hyderabad IN,Yes,1030.0,1593.67,reasonable,19.91,reasonable
37924.0,Tanzania,PMO - US,Direct Drop,EXW,Air,0.0,No,HRDT,HIV test,"Trinity Biotech, Plc","HIV 1/2, Uni-Gold HIV Kit, 20 Tests","HIV 1/2, Uni-Gold HIV Kit",Uni-Gold,N/A,Test kit,20.0,369.0,11808.0,32.0,1.6,"Trinity Biotech, Plc",Yes,113.0,1661.01,reasonable,12.14,reasonable
28928.0,South Africa,PMO - US,Direct Drop,DDP,Air,0.0,No,ARV,Adult,Aurobindo Pharma Limited,"Tenofovir Disoproxil Fumarate 300mg, tablets, 30 Tabs",Tenofovir Disoproxil Fumarate,Generic,300mg,Tablet,30.0,40319.0,278604.29,6.91,0.23,"Aurobindo Unit III, India",Yes,3545.0,5953.38,expensive,600.67,expensive
3674.0,Rwanda,PMO - US,Direct Drop,EXW,Air,0.0,No,HRDT,HIV test,"Orgenics, Ltd","HIV 1/2, Determine HIV Kit, without Lancets, 100 Tests","HIV 1/2, Determine HIV Kit, without Lancets",Determine,N/A,Test kit,100.0,386.0,27020.0,70.0,0.7,Inverness Japan,Yes,88.0,3936.25,reasonable,52.96,reasonable
22357.0,Rwanda,PMO - US,Direct Drop,EXW,Air,0.0,No,HRDT,HIV test,"SHANGHAI KEHUA BIOENGINEERING CO.,LTD.  (KHB)","HIV 1/2, SKB Colloidal Gold, Diagnostic Kit, Antibody, 50 Tests","HIV 1/2, Colloidal Gold, Diagnostic Kit, Antibody",Colloidal Gold,N/A,Test kit,1.0,4032.0,98784.0,24.5,24.5,"KHB Test Kit Facility, Shanghai China",Yes,2688.0,35437.38,expensive,101.55,expensive
46956.0,Namibia,PMO - US,Direct Drop,EXW,Air,0.0,No,HRDT,HIV test,"Orgenics, Ltd","HIV 1/2, Determine HIV Kit, without Lancets, 100 Tests","HIV 1/2, Determine HIV Kit, without Lancets",Determine,N/A,Test kit,100.0,150.0,11655.0,77.7,0.78,Inverness Japan,Yes,34.0,947.35,reasonable,19.23,reasonable
73348.0,Zimbabwe,PMO - US,Direct Drop,FCA,Air,0.0,No,ARV,Pediatric,ABBVIE LOGISTICS (FORMERLY ABBOTT LOGISTICS BV),"Lopinavir/Ritonavir 80/20mg/ml [Kaletra], oral solution, cool, Bottle 5 x 60 ml",Lopinavir/Ritonavir,Kaletra,80/20mg/ml,Oral solution,300.0,5362.0,165256.84,30.82,0.1,ABBVIE (Abbott) Logis. UK,Yes,5060.0,44952.61,expensive,169.88,expensive
43060.0,Nigeria,PMO - US,Direct Drop,EXW,Air,1.0,Yes,HRDT,HIV test,"Orgenics, Ltd","HIV 1/2, Determine Complete HIV Kit, 100 Tests","HIV 1/2, Determine Complete HIV Kit",Determine,N/A,Test kit,100.0,1960.0,174440.0,89.0,0.89,"Alere Medical Co., Ltd.",Yes,882.0,,,244.56,expensive
75153.0,Nigeria,PMO - US,Direct Drop,EXW,Air,0.0,No,HRDT,HIV test,"CHEMBIO DIAGNOSTIC SYSTEMS, INC.","HIV 1/2, Stat-Pak HIV, Kit, 20 Tests","HIV 1/2, Stat-Pak HIV, Kit",Stat-Pak,N/A,Test kit,20.0,3337.0,106784.0,32.0,1.6,Chembio Diagnostics Sys. Inc.,Yes,1252.0,5758.84,expensive,132.09,expensive
52871.0,South Africa,PMO - US,Direct Drop,DDP,Air,1.0,Yes,ARV,Adult,Aurobindo Pharma Limited,"Lamivudine 150mg, tablets, 60 Tabs",Lamivudine,Generic,150mg,Tablet,60.0,33711.0,85288.83,2.53,0.04,"Aurobindo Unit III, India",Yes,1810.0,2016.42,reasonable,183.88,reasonable
35749.0,South Africa,PMO - US,Direct Drop,DDP,Ocean,1.0,Yes,ARV,Pediatric,Aurobindo Pharma Limited,"Nevirapine 10mg/ml, oral suspension w/syringe, Bottle, 240 ml",Nevirapine,Generic,10mg/ml,Oral suspension,240.0,19098.0,43161.48,2.26,0.01,"Aurobindo Unit III, India",Yes,6876.0,461.5,reasonable,71.22,reasonable
8738.0,Namibia,PMO - US,Direct Drop,EXW,Air,0.0,No,HRDT,HIV test,"Orgenics, Ltd","HIV 1/2, Clearview Complete Kit, 25 Tests","HIV 1/2, Clearview Complete Kit",Clearview,N/A,Test kit,25.0,20.0,1500.0,75.0,3.0,Inverness USA,Yes,9.0,1153.43,reasonable,2.94,reasonable
15368.0,Vietnam,PMO - US,Direct Drop,EXW,Air,0.0,No,ARV,Adult,Aurobindo Pharma Limited,"Lamivudine 150mg, tablets, 60 Tabs",Lamivudine,Generic,150mg,Tablet,60.0,24480.0,58752.0,2.4,0.04,"Aurobindo Unit III, India",Yes,3536.0,20910.43,expensive,115.15,expensive
36936.0,Kenya,PMO - US,Direct Drop,EXW,Air,0.0,No,HRDT,HIV test,"Orgenics, Ltd","HIV 1/2, Determine Complete HIV Kit, 100 Tests","HIV 1/2, Determine Complete HIV Kit",Determine,N/A,Test kit,100.0,8586.0,764154.0,89.0,0.89,Inverness Japan,Yes,1479.0,15519.77,expensive,1647.52,expensive
66992.0,Guyana,PMO - US,Direct Drop,EXW,Air,0.0,No,HRDT,HIV test,"CHEMBIO DIAGNOSTIC SYSTEMS, INC.","HIV 1/2, Stat-Pak HIV, Kit, 20 Tests","HIV 1/2, Stat-Pak HIV, Kit",Stat-Pak,N/A,Test kit,20.0,20.0,540.0,27.0,1.35,Chembio Diagnostics Sys. Inc.,Yes,11.0,386.16,reasonable,1.16,reasonable
7259.0,Guyana,PMO - US,Direct Drop,EXW,Air,0.0,No,HRDT,HIV test - Ancillary,"Orgenics, Ltd","HIV, Lancet, Safety, for HIV Test kits, 100 Pcs","HIV, Lancet, Safety, for HIV Test kits, 100 Pcs",Generic,N/A,Test kit - Ancillary,100.0,213.0,2.13,0.01,0.0,Inverness Japan,Yes,14.0,180.0,reasonable,0.0,reasonable
78909.0,Nigeria,PMO - US,Direct Drop,EXW,Air,0.0,No,HRDT,HIV test,"Orgenics, Ltd","HIV 1/2, Determine Complete HIV Kit, 100 Tests","HIV 1/2, Determine Complete HIV Kit",Determine,N/A,Test kit,100.0,9258.0,823962.0,89.0,0.89,"Alere Medical Co., Ltd.",Yes,3759.0,57561.38,expensive,1019.24,expensive
56495.0,Nigeria,PMO - US,Direct Drop,EXW,Air,0.0,No,HRDT,HIV test,"Trinity Biotech, Plc","HIV 1/2, Uni-Gold HIV Kit, 20 Tests","HIV 1/2, Uni-Gold HIV Kit",Uni-Gold,N/A,Test kit,20.0,5791.0,185312.0,32.0,1.6,"Trinity Biotech, Plc",Yes,1918.0,24147.39,expensive,305.76,expensive
75581.0,Vietnam,PMO - US,Direct Drop,EXW,Air,0.0,No,ARV,Adult,STRIDES ARCOLAB LIMITED,"Lamivudine 150mg, tablets, 60 Tabs",Lamivudine,Generic,150mg,Tablet,60.0,8738.0,20534.3,2.35,0.04,"Strides, Bangalore, India.",Yes,420.0,6683.69,expensive,44.27,expensive
47253.0,Vietnam,PMO - US,Direct Drop,EXW,Air,0.0,No,ARV,Adult,STRIDES ARCOLAB LIMITED,"Lamivudine/Nevirapine/Stavudine 150/200/30mg, tablets, 60 Tabs",Lamivudine/Nevirapine/Stavudine,Generic,150/200/30mg,Tablet - FDC,60.0,11000.0,58850.0,5.35,0.09,"Strides, Bangalore, India.",Yes,3828.0,15089.11,expensive,97.1,expensive
19771.0,Vietnam,PMO - US,Direct Drop,FCA,Air,0.0,No,ARV,Adult,ABBVIE LOGISTICS (FORMERLY ABBOTT LOGISTICS BV),"Lopinavir/Ritonavir 200/50mg [Aluvia], tablets, 120 Tabs",Lopinavir/Ritonavir,Aluvia,200/50mg,Tablet,120.0,5530.0,454566.0,82.2,0.68,ABBVIE Ludwigshafen Germany,Yes,1348.0,10670.09,expensive,980.04,expensive
68872.0,Uganda,PMO - US,Direct Drop,EXW,Air,0.0,No,ARV,Adult,MYLAN LABORATORIES LTD (FORMERLY MATRIX LABORATORIES),"Atazanavir/Ritonavir 300/100mg, tablets, 30 Tabs",Atazanavir/Ritonavir,Generic,300/100mg,Tablet,30.0,1262.0,28395.0,22.5,0.75,Mylan (formerly Matrix) Nashik,Yes,173.0,935.89,reasonable,39.81,reasonable
76813.0,Haiti,PMO - US,Direct Drop,FCA,Air,0.0,No,ARV,Pediatric,ABBVIE LOGISTICS (FORMERLY ABBOTT LOGISTICS BV),"Lopinavir/Ritonavir 100/25mg [Aluvia], tablets, 60 Tabs",Lopinavir/Ritonavir,Generic,100/25mg,Tablet,60.0,45.0,406.8,9.04,0.15,ABBVIE Ludwigshafen Germany,Yes,13.0,928.11,reasonable,0.8,reasonable
61980.0,Haiti,PMO - US,Direct Drop,CIP,Air,0.0,No,ARV,Pediatric,MERCK SHARP & DOHME IDEA GMBH (FORMALLY MERCK SHARP & DOHME B.V.),"Efavirenz 30mg/ml [Stocrin/Sustiva], oral solution, Bottle, 180 ml",Efavirenz,Stocrin/Sustiva,30mg/ml,Oral solution,180.0,2295.0,38923.2,16.96,0.09,"MSD, Haarlem, NL",Yes,687.0,5293.76,expensive,54.57,expensive
66448.0,Cote d'Ivoire,PMO - US,Direct Drop,EXW,Air,0.0,No,ARV,Adult,MYLAN LABORATORIES LTD (FORMERLY MATRIX LABORATORIES),"Atazanavir/Ritonavir 300/100mg, tablets, 30 Tabs",Atazanavir/Ritonavir,Generic,300/100mg,Tablet,30.0,3200.0,64000.0,20.0,0.67,Mylan (formerly Matrix) Nashik,Yes,430.0,3587.34,reasonable,65.79,reasonable
80270.0,Mozambique,PMO - US,Direct Drop,EXW,Air,0.0,No,ARV,Adult,STRIDES ARCOLAB LIMITED,"Lamivudine/Stavudine 150/30mg, tablets, 60 Tabs",Lamivudine/Stavudine,Generic,150/30mg,Tablet - FDC,60.0,13168.0,38450.56,2.92,0.05,"Strides, Bangalore, India.",Yes,834.0,3574.24,reasonable,47.56,reasonable
78050.0,Cote d'Ivoire,PMO - US,Direct Drop,CIP,Air,0.0,No,ARV,Pediatric,BRISTOL-MYERS SQUIBB,"Didanosine 50mg [Videx], chewable tablets, 60 Tabs",Didanosine,Videx,50mg,Chewable/dispersible tablet,60.0,1888.0,17936.0,9.5,0.16,"BMS Meymac, France",Yes,368.0,824.37,reasonable,38.67,reasonable
53618.0,South Africa,PMO - US,Direct Drop,DDP,Ocean,0.0,No,ARV,Adult,Aurobindo Pharma Limited,"Abacavir 300mg, tablets, 60 Tabs",Abacavir,Generic,300mg,Tablet,60.0,6155.0,91894.15,14.93,0.25,"Aurobindo Unit III, India",Yes,590.0,146.5,reasonable,151.63,reasonable
49301.0,Botswana,PMO - US,Direct Drop,EXW,Air,0.0,No,HRDT,HIV test,"Orgenics, Ltd","HIV 1/2, Determine Complete HIV Kit, 100 Tests","HIV 1/2, Determine Complete HIV Kit",Determine,N/A,Test kit,100.0,5.0,360.0,72.0,0.72,Inverness Japan,Yes,3.0,787.28,reasonable,0.78,reasonable
37481.0,Rwanda,PMO - US,Direct Drop,EXW,Air,0.0,No,HRDT,HIV test,"Orgenics, Ltd","HIV 1/2, Determine HIV Kit, without Lancets, 100 Tests","HIV 1/2, Determine HIV Kit, without Lancets",Determine,N/A,Test kit,100.0,5000.0,388500.0,77.7,0.78,Inverness Japan,Yes,1136.0,49573.62,expensive,837.61,expensive
81747.0,Mozambique,PMO - US,Direct Drop,EXW,Air,0.0,No,ARV,Adult,HETERO LABS LIMITED,"Lamivudine/Nevirapine/Zidovudine 150/200/300mg, tablets, 60 Tabs",Lamivudine/Nevirapine/Zidovudine,Generic,150/300/200mg,Tablet - FDC,60.0,24816.0,201257.76,8.11,0.14,Hetero Unit III Hyderabad IN,Yes,3392.0,16835.52,expensive,206.89,expensive
28542.0,South Africa,PMO - US,Direct Drop,DDP,Ocean,1.0,Yes,ARV,Adult,Aurobindo Pharma Limited,"Zidovudine 300mg, tablets, 60 Tabs",Zidovudine,Generic,300mg,Tablet,60.0,17470.0,128055.1,7.33,0.12,"Aurobindo Unit III, India",Yes,7765.0,4835.17,reasonable,276.09,reasonable
53691.0,Cote d'Ivoire,PMO - US,Direct Drop,EXW,Air,0.0,No,HRDT,HIV test,"Orgenics, Ltd","HIV 1/2, Determine Complete HIV Kit, 100 Tests","HIV 1/2, Determine Complete HIV Kit",Determine,N/A,Test kit,100.0,1470.0,117600.0,80.0,0.8,"Alere Medical Co., Ltd.",Yes,595.0,7651.46,expensive,120.89,expensive
70299.0,South Africa,PMO - US,Direct Drop,DDP,Ocean,1.0,Yes,ARV,Adult,Aurobindo Pharma Limited,"Zidovudine 300mg, tablets, 60 Tabs",Zidovudine,Generic,300mg,Tablet,60.0,86467.0,633803.11,7.33,0.12,"Aurobindo Unit III, India",Yes,4364.0,4295.6,reasonable,1366.48,reasonable
25587.0,Uganda,PMO - US,Direct Drop,EXW,Air,0.0,No,ARV,Pediatric,CIPLA LIMITED,"Lamivudine/Nevirapine/Zidovudine 30/50/60mg, dispersible tablets, 60 Tabs",Lamivudine/Nevirapine/Zidovudine,Generic,30/50/60mg,Chewable/dispersible tablet - FDC,60.0,15021.0,60084.0,4.0,0.07,"Cipla, Goa, India",Yes,1411.0,13983.98,expensive,61.77,expensive
71009.0,Liberia,PMO - US,Direct Drop,EXW,Air,0.0,No,HRDT,HIV test,"Trinity Biotech, Plc","HIV 1/2, Uni-Gold HIV Kit, 20 Tests","HIV 1/2, Uni-Gold HIV Kit",Uni-Gold,N/A,Test kit,20.0,20.0,640.0,32.0,1.6,"Trinity Biotech, Plc",Yes,7.0,498.72,reasonable,1.06,reasonable
33144.0,Vietnam,PMO - US,Direct Drop,EXW,Air,0.0,No,ARV,Adult,MYLAN LABORATORIES LTD (FORMERLY MATRIX LABORATORIES),"Tenofovir Disoproxil Fumarate 300mg, tablets, 30 Tabs",Tenofovir Disoproxil Fumarate,Generic,300mg,Tablet,30.0,4536.0,34020.0,7.5,0.25,Mylan (formerly Matrix) Nashik,Yes,266.0,3678.45,reasonable,73.35,reasonable
9316.0,Nigeria,PMO - US,Direct Drop,EXW,Air,0.0,No,HRDT,HIV test,Abbott GmbH & Co. KG,"HIV 1/2, Determine Complete HIV Kit, 100 Tests","HIV 1/2, Determine Complete HIV Kit",Determine,N/A,Test kit,100.0,3500.0,280000.0,80.0,0.8,ABBVIE GmbH & Co.KG Wiesbaden,Yes,1192.0,10879.22,expensive,448.0,expensive
33760.0,Vietnam,PMO - US,Direct Drop,EXW,Air,0.0,No,ARV,Adult,STRIDES ARCOLAB LIMITED,"Efavirenz 600mg, tablets, 30 Tabs",Efavirenz,Generic,600mg,Tablet,30.0,18854.0,77301.4,4.1,0.14,"Strides, Bangalore, India.",Yes,1146.0,5977.2,expensive,127.55,expensive
7929.0,Zambia,PMO - US,Direct Drop,FCA,Air,0.0,No,HRDT,HIV test,Abbott GmbH & Co. KG,"HIV 1/2, Determine Complete HIV Kit, 100 Tests","HIV 1/2, Determine Complete HIV Kit",Determine,N/A,Test kit,100.0,1000.0,80000.0,80.0,0.8,ABBVIE GmbH & Co.KG Wiesbaden,Yes,343.0,2373.73,reasonable,,reasonable
54280.0,Cote d'Ivoire,PMO - US,Direct Drop,EXW,Air,0.0,No,HRDT,HIV test,"Orgenics, Ltd","HIV 1/2, Determine Complete HIV Kit, 100 Tests","HIV 1/2, Determine Complete HIV Kit",Determine,N/A,Test kit,100.0,5750.0,460000.0,80.0,0.8,"Alere Medical Co., Ltd.",Yes,3374.0,24821.13,expensive,541.42,expensive
66323.0,Mozambique,PMO - US,Direct Drop,EXW,Air,0.0,No,HRDT,HIV test,"Trinity Biotech, Plc","HIV 1/2, Uni-Gold HIV Kit, 20 Tests","HIV 1/2, Uni-Gold HIV Kit",Uni-Gold,N/A,Test kit,20.0,424.0,13568.0,32.0,1.6,"Trinity Biotech, Plc",Yes,145.0,2572.68,reasonable,29.25,reasonable
49694.0,South Africa,PMO - US,Direct Drop,DDP,Ocean,0.0,No,ARV,Adult,Aurobindo Pharma Limited,"Zidovudine 300mg, tablets, 60 Tabs",Zidovudine,Generic,300mg,Tablet,60.0,70030.0,513319.9,7.33,0.12,"Aurobindo Unit III, India",Yes,3534.0,17919.41,expensive,1106.72,expensive
81579.0,Kenya,PMO - US,Direct Drop,EXW,Air,1.0,Yes,HRDT,HIV test,"Orgenics, Ltd","HIV 1/2, Determine Complete HIV Kit, 100 Tests","HIV 1/2, Determine Complete HIV Kit",Determine,N/A,Test kit,100.0,4.0,356.0,89.0,0.89,"Alere Medical Co., Ltd.",Yes,1413.0,15387.63,expensive,0.5,expensive
29596.0,Rwanda,PMO - US,Direct Drop,EXW,Ocean,0.0,No,ARV,Adult,MICRO LABS LIMITED,"Nevirapine 200mg, tablets, 60 Tabs",Nevirapine,Generic,200mg,Tablet,60.0,171925.0,388550.5,2.26,0.04,"Micro labs, Verna, Goa, India",Yes,15683.0,36173.15,expensive,544.75,expensive
75139.0,Vietnam,PMO - US,Direct Drop,EXW,Air,0.0,No,ARV,Adult,Aurobindo Pharma Limited,"Stavudine 30mg, capsules, 60 Caps",Stavudine,Generic,30mg,Capsule,60.0,3024.0,4384.8,1.45,0.02,"Aurobindo Unit III, India",Yes,202.0,1615.88,reasonable,8.59,reasonable
32738.0,Rwanda,PMO - US,Direct Drop,EXW,Ocean,0.0,No,ARV,Adult,MYLAN LABORATORIES LTD (FORMERLY MATRIX LABORATORIES),"Efavirenz/Lamivudine/Tenofovir Disoproxil Fumarate 600/300/300mg, tablets, 30 Tabs",Efavirenz/Lamivudine/Tenofovir Disoproxil Fumarate,Generic,600/300/300mg,Tablet - FDC,30.0,46613.0,605969.0,13.0,0.43,Mylan (formerly Matrix) Nashik,Yes,5245.0,11186.24,expensive,849.57,expensive
63561.0,Zimbabwe,PMO - US,Direct Drop,FCA,Air,0.0,No,ARV,Pediatric,ABBVIE LOGISTICS (FORMERLY ABBOTT LOGISTICS BV),"Lopinavir/Ritonavir 80/20mg/ml [Kaletra], oral solution, cool, Bottle 5 x 60 ml",Lopinavir/Ritonavir,Kaletra,80/20mg/ml,Oral solution,300.0,6914.0,213089.48,30.82,0.1,ABBVIE (Abbott) Logis. UK,Yes,6090.0,41141.5,expensive,250.81,expensive
81855.0,Ethiopia,PMO - US,Direct Drop,EXW,Air,0.0,No,ARV,Adult,Aurobindo Pharma Limited,"Didanosine 250mg, delayed-release capsules, 30 Caps",Didanosine,Generic,250mg,Delayed-release capsules,30.0,3775.0,49075.0,13.0,0.43,"Aurobindo Unit III, India",Yes,257.0,2325.62,reasonable,80.97,reasonable
17200.0,Haiti,PMO - US,Direct Drop,EXW,Air,0.0,No,ARV,Adult,MYLAN LABORATORIES LTD (FORMERLY MATRIX LABORATORIES),"Atazanavir/Ritonavir 300/100mg, tablets, 30 Tabs",Atazanavir/Ritonavir,Generic,300/100mg,Tablet,30.0,5000.0,100000.0,20.0,0.67,Mylan (formerly Matrix) Nashik,Yes,670.0,4909.72,reasonable,123.7,reasonable
76087.0,Dominican Republic,PMO - US,Direct Drop,EXW,Air,0.0,No,ARV,Adult,Aurobindo Pharma Limited,"Didanosine 250mg, delayed-release capsules, 30 Caps",Didanosine,Generic,250mg,Delayed-release capsules,30.0,1000.0,13000.0,13.0,0.43,"Aurobindo Unit III, India",Yes,68.0,1001.12,reasonable,28.03,reasonable
64588.0,Cote d'Ivoire,PMO - US,Direct Drop,FCA,Air,0.0,No,ARV,Adult,ABBVIE LOGISTICS (FORMERLY ABBOTT LOGISTICS BV),"Ritonavir 100mg [Norvir], capsules, cool, 4 x 84 Caps",Ritonavir,Norvir,100mg,Capsule,336.0,680.0,26084.8,38.36,0.11,ABBVIE (Abbott) Logis. UK,Yes,1299.0,9689.81,expensive,51.13,expensive
47443.0,Uganda,PMO - US,Direct Drop,FCA,Air,0.0,No,ARV,Adult,ABBVIE LOGISTICS (FORMERLY ABBOTT LOGISTICS BV),"Lopinavir/Ritonavir 200/50mg [Aluvia], tablets, 120 Tabs",Lopinavir/Ritonavir,Aluvia,200/50mg,Tablet,120.0,120.0,4339.2,36.16,0.3,ABBVIE Ludwigshafen Germany,Yes,36.0,1025.69,reasonable,8.5,reasonable
610.0,Vietnam,PMO - US,Direct Drop,EXW,Air,0.0,No,ARV,Adult,Aurobindo Pharma Limited,"Lamivudine 150mg, tablets, 60 Tabs",Lamivudine,Generic,150mg,Tablet,60.0,38640.0,92736.0,2.4,0.04,"Aurobindo Unit III, India",Yes,2719.0,18614.72,expensive,148.38,expensive
66762.0,Cote d'Ivoire,PMO - US,Direct Drop,EXW,Air,0.0,No,HRDT,HIV test,"Orgenics, Ltd","HIV 1/2, Determine Complete HIV Kit, 100 Tests","HIV 1/2, Determine Complete HIV Kit",Determine,N/A,Test kit,100.0,3000.0,240000.0,80.0,0.8,"Alere Medical Co., Ltd.",Yes,1428.0,28142.92,expensive,336.48,expensive
56005.0,Haiti,PMO - US,Direct Drop,EXW,Air,0.0,No,ARV,Pediatric,CIPLA LIMITED,"Lamivudine/Zidovudine 30/60mg, dispersible tablets, 60 Tabs",Lamivudine/Zidovudine,Generic,30/60mg,Chewable/dispersible tablet - FDC,60.0,3184.0,6336.16,1.99,0.03,"Cipla, Goa, India",Yes,250.0,2794.21,reasonable,6.51,reasonable
34700.0,Nigeria,PMO - US,Direct Drop,EXW,Air,1.0,Yes,HRDT,HIV test,"Orgenics, Ltd","HIV 1/2, Determine Complete HIV Kit, 100 Tests","HIV 1/2, Determine Complete HIV Kit",Determine,N/A,Test kit,100.0,6375.0,567375.0,89.0,0.89,"Alere Medical Co., Ltd.",Yes,3764.0,38029.42,expensive,583.26,expensive
58652.0,Haiti,PMO - US,Direct Drop,EXW,Air,0.0,No,HRDT,HIV test,"Orgenics, Ltd","HIV 1/2, Determine HIV Kit, without Lancets, 100 Tests","HIV 1/2, Determine HIV Kit, without Lancets",Determine,N/A,Test kit,100.0,33.0,3223.44,97.68,0.98,Inverness Japan,Yes,8.0,1011.6,reasonable,5.32,reasonable
18405.0,Haiti,PMO - US,Direct Drop,EXW,Air,0.0,No,ARV,Pediatric,Aurobindo Pharma Limited,"Nevirapine 10mg/ml, oral suspension w/syringe, Bottle, 240 ml",Nevirapine,Generic,10mg/ml,Oral suspension,240.0,2052.0,3098.52,1.51,0.01,"Aurobindo Unit III, India",Yes,908.0,6438.91,expensive,3.83,expensive
48517.0,Zimbabwe,PMO - US,Direct Drop,EXW,Air,0.0,No,HRDT,HIV test,"Orgenics, Ltd","HIV 1/2, Determine Complete HIV Kit, 100 Tests","HIV 1/2, Determine Complete HIV Kit",Determine,N/A,Test kit,100.0,1845.0,132840.0,72.0,0.72,Inverness Japan,Yes,1000.0,18841.09,expensive,286.4,expensive
23573.0,Nigeria,PMO - US,Direct Drop,EXW,Air,0.0,No,HRDT,HIV test,"Orgenics, Ltd","HIV 1/2, Determine Complete HIV Kit, 100 Tests","HIV 1/2, Determine Complete HIV Kit",Determine,N/A,Test kit,100.0,2687.0,239143.0,89.0,0.89,Inverness Japan,Yes,1277.0,26014.88,expensive,394.59,expensive
53659.0,Zambia,PMO - US,Direct Drop,EXW,Air,1.0,Yes,HRDT,HIV test,"Orgenics, Ltd","HIV 1/2, Determine Complete HIV Kit, 100 Tests","HIV 1/2, Determine Complete HIV Kit",Determine,N/A,Test kit,100.0,2910.0,232800.0,80.0,0.8,"Alere Medical Co., Ltd.",Yes,2910.0,21684.99,expensive,287.97,expensive
35870.0,Uganda,PMO - US,Direct Drop,DDP,Air,0.0,No,ARV,Adult,ASPEN PHARMACARE,"Darunavir 300mg [Prezista], tablets, 120 Tabs",Darunavir,Prezista,300mg,Tablet,120.0,388.0,25840.8,66.6,0.55,"Aspen-OSD, Port Elizabeth, SA",Yes,68.0,1571.76,reasonable,31.97,reasonable
55253.0,South Africa,PMO - US,Direct Drop,DDP,Air,0.0,No,ARV,Adult,Aurobindo Pharma Limited,"Nevirapine 200mg, tablets, 60 Tabs",Nevirapine,Generic,200mg,Tablet,60.0,26400.0,77088.0,2.92,0.05,"Aurobindo Unit III, India",Yes,3113.0,5159.33,expensive,166.2,expensive
22091.0,Dominican Republic,PMO - US,Direct Drop,EXW,Air,0.0,No,HRDT,HIV test,"Orgenics, Ltd","HIV 1/2, Determine Complete HIV Kit, 100 Tests","HIV 1/2, Determine Complete HIV Kit",Determine,N/A,Test kit,100.0,1775.0,163300.0,92.0,0.92,"Alere Medical Co., Ltd.",Yes,721.0,9165.29,expensive,202.0,expensive
31332.0,"Congo, DRC",PMO - US,Direct Drop,EXW,Air,0.0,No,ANTM,Malaria,IMRES B.V.,"Sulfadoxine/Pyrimethamine 500/25mg, tablets, 1000 Tabs",Sulfadoxine/Pyrimethamine,Generic,500/25mg,Tablet - FDC,1000.0,1370.0,37401.0,27.3,0.03,"Guilin OSD site, No 17, China",Yes,1125.0,9693.68,expensive,38.45,expensive
53002.0,Rwanda,PMO - US,Direct Drop,EXW,Air,0.0,No,ARV,Adult,Aurobindo Pharma Limited,"Didanosine 400mg, delayed-release capsules, 30 Caps",Didanosine,Generic,400mg,Delayed-release capsules,30.0,1467.0,29340.0,20.0,0.67,"Aurobindo Unit III, India",Yes,114.0,4822.01,reasonable,41.13,reasonable
39088.0,Nigeria,PMO - US,Direct Drop,FCA,Air,0.0,No,ARV,Pediatric,ABBVIE LOGISTICS (FORMERLY ABBOTT LOGISTICS BV),"Lopinavir/Ritonavir 100/25mg [Aluvia], tablets, 60 Tabs",Lopinavir/Ritonavir,Generic,100/25mg,Tablet,60.0,5513.0,32747.22,5.94,0.1,ABBVIE Ludwigshafen Germany,Yes,640.0,6185.25,expensive,40.51,expensive
63419.0,Swaziland,PMO - US,Direct Drop,EXW,Air,0.0,No,HRDT,HIV test,"Orgenics, Ltd","HIV 1/2, Determine Complete HIV Kit, 100 Tests","HIV 1/2, Determine Complete HIV Kit",Determine,N/A,Test kit,100.0,39.0,3120.0,80.0,0.8,"Alere Medical Co., Ltd.",Yes,17.0,514.52,reasonable,3.21,reasonable
40274.0,Uganda,PMO - US,Direct Drop,EXW,Air,0.0,No,HRDT,HIV test,"Trinity Biotech, Plc","HIV 1/2, Uni-Gold HIV Kit, 20 Tests","HIV 1/2, Uni-Gold HIV Kit",Uni-Gold,N/A,Test kit,20.0,875.0,28000.0,32.0,1.6,"Trinity Biotech, Plc",Yes,292.0,4462.61,reasonable,34.64,reasonable
73757.0,Zambia,PMO - US,Direct Drop,FCA,Air,0.0,No,ARV,Pediatric,ABBVIE LOGISTICS (FORMERLY ABBOTT LOGISTICS BV),"Lopinavir/Ritonavir 80/20mg/ml [Kaletra], oral solution, cool, Bottle 5 x 60 ml",Lopinavir/Ritonavir,Kaletra,80/20mg/ml,Oral solution,300.0,2265.0,69807.3,30.82,0.1,ABBVIE (Abbott) Logis. UK,Yes,2272.0,13303.8,expensive,71.76,expensive
48497.0,South Africa,PMO - US,Direct Drop,DDP,Ocean,0.0,No,ARV,Adult,STRIDES ARCOLAB LIMITED,"Lamivudine 150mg, tablets, 60 Tabs",Lamivudine,Generic,150mg,Tablet,60.0,185954.0,459306.38,2.47,0.04,"Strides, Bangalore, India.",Yes,9019.0,13677.68,expensive,990.26,expensive
18862.0,Haiti,PMO - US,Direct Drop,EXW,Air,0.0,No,HRDT,HIV test,"Orgenics, Ltd","HIV 1/2, Determine Complete HIV Kit, 100 Tests","HIV 1/2, Determine Complete HIV Kit",Determine,N/A,Test kit,100.0,4000.0,400000.0,100.0,1.0,"Alere Medical Co., Ltd.",Yes,1624.0,16994.9,expensive,494.8,expensive
5283.0,Vietnam,PMO - US,Direct Drop,CIP,Air,0.0,No,ARV,Adult,ABBVIE LOGISTICS (FORMERLY ABBOTT LOGISTICS BV),"Lopinavir/Ritonavir 200/50mg [Aluvia], tablets, 120 Tabs",Lopinavir/Ritonavir,Aluvia,200/50mg,Tablet,120.0,1320.0,238682.4,180.82,1.51,ABBVIE (Abbott) Logis. UK,Yes,304.0,13453.12,expensive,,expensive
80070.0,Vietnam,PMO - US,Direct Drop,EXW,Air,0.0,No,ARV,Adult,MYLAN LABORATORIES LTD (FORMERLY MATRIX LABORATORIES),"Lamivudine/Nevirapine/Zidovudine 150/200/300mg, tablets, 60 Tabs",Lamivudine/Nevirapine/Zidovudine,Generic,150/300/200mg,Tablet - FDC,60.0,11594.0,127534.0,11.0,0.18,Mylan (formerly Matrix) Nashik,Yes,1615.0,9502.5,expensive,210.43,expensive
66094.0,Nigeria,PMO - US,Direct Drop,EXW,Air,0.0,No,ARV,Adult,Aurobindo Pharma Limited,"Zidovudine 300mg, tablets, 60 Tabs",Zidovudine,Generic,300mg,Tablet,60.0,25932.0,140810.76,5.43,0.09,"Aurobindo Unit III, India",Yes,1548.0,11663.16,expensive,144.75,expensive
51895.0,Tanzania,PMO - US,Direct Drop,EXW,Air,0.0,No,HRDT,HIV test,"Orgenics, Ltd","HIV 1/2, Determine Complete HIV Kit, 100 Tests","HIV 1/2, Determine Complete HIV Kit",Determine,N/A,Test kit,100.0,672.0,53760.0,80.0,0.8,"Alere Medical Co., Ltd.",Yes,277.0,4379.48,reasonable,55.27,reasonable
30720.0,Rwanda,PMO - US,Direct Drop,EXW,Air,0.0,No,HRDT,HIV test,"Trinity Biotech, Plc","HIV 1/2, Uni-Gold HIV Kit, 20 Tests","HIV 1/2, Uni-Gold HIV Kit",Uni-Gold,N/A,Test kit,20.0,873.0,27936.0,32.0,1.6,"Trinity Biotech, Plc",Yes,296.0,6318.92,expensive,46.09,expensive
47301.0,Zimbabwe,PMO - US,Direct Drop,EXW,Air,0.0,No,ARV,Pediatric,MYLAN LABORATORIES LTD (FORMERLY MATRIX LABORATORIES),"Lamivudine/Nevirapine/Zidovudine 30/50/60mg, dispersible tablets, 60 Tabs",Lamivudine/Nevirapine/Zidovudine,Generic,30/50/60mg,Chewable/dispersible tablet - FDC,60.0,814.0,0.01,0.0,0.0,Mylan (formerly Matrix) Nashik,Yes,60.0,1344.94,reasonable,0.0,reasonable
62253.0,Uganda,PMO - US,Direct Drop,EXW,Air,0.0,No,HRDT,HIV test,"Trinity Biotech, Plc","HIV 1/2, Uni-Gold HIV Kit, 20 Tests","HIV 1/2, Uni-Gold HIV Kit",Uni-Gold,N/A,Test kit,20.0,1903.0,60896.0,32.0,1.6,"Trinity Biotech, Plc",Yes,566.0,3603.93,reasonable,62.6,reasonable
64864.0,Ethiopia,PMO - US,Direct Drop,EXW,Air,0.0,No,HRDT,HIV test,"CHEMBIO DIAGNOSTIC SYSTEMS, INC.","HIV 1/2, Stat-Pak HIV, Kit, 20 Tests","HIV 1/2, Stat-Pak HIV, Kit",Stat-Pak,N/A,Test kit,20.0,360.0,11700.0,32.5,1.62,Chembio Diagnostics Sys. Inc.,Yes,112.0,1414.69,reasonable,13.77,reasonable
48182.0,Haiti,PMO - US,Direct Drop,FCA,Air,0.0,No,ARV,Adult,ABBVIE LOGISTICS (FORMERLY ABBOTT LOGISTICS BV),"Ritonavir 100mg [Norvir], film coated tablets, 60 Tabs",Ritonavir,Norvir,100mg,Tablet,60.0,272.0,1863.2,6.85,0.11,ABBVIE Ludwigshafen Germany,Yes,37.0,722.35,reasonable,1.92,reasonable
3551.0,Guyana,PMO - US,Direct Drop,EXW,Air,0.0,No,HRDT,HIV test,"Trinity Biotech, Plc","HIV 1/2, Uni-Gold HIV Kit, 20 Tests","HIV 1/2, Uni-Gold HIV Kit",Uni-Gold,N/A,Test kit,20.0,1062.0,33984.0,32.0,1.6,"Trinity Biotech, Plc",Yes,355.0,4457.29,reasonable,66.61,reasonable
21556.0,Vietnam,PMO - US,Direct Drop,EXW,Air,0.0,No,ARV,Pediatric,Aurobindo Pharma Limited,"Nevirapine 10mg/ml, oral suspension w/syringe, Bottle, 240 ml",Nevirapine,Generic,10mg/ml,Oral suspension,240.0,837.0,1548.45,1.85,0.01,"Aurobindo Unit III, India",Yes,526.0,6368.02,expensive,1.92,expensive
19685.0,Zambia,PMO - US,Direct Drop,FCA,Air,0.0,No,ARV,Pediatric,ABBVIE LOGISTICS (FORMERLY ABBOTT LOGISTICS BV),"Lopinavir/Ritonavir 80/20mg/ml [Kaletra], oral solution, cool, Bottle 5 x 60 ml",Lopinavir/Ritonavir,Kaletra,80/20mg/ml,Oral solution,300.0,1500.0,46230.0,30.82,0.1,ABBVIE (Abbott) Logis. UK,Yes,1374.0,10365.13,expensive,57.19,expensive
42851.0,Sudan,PMO - US,Direct Drop,EXW,Air,0.0,No,HRDT,HIV test - Ancillary,"Orgenics, Ltd","Capillary Tubes, for Determine, EDTA, 50uL,100 Pcs","HIV, Capillary Tubes, for Determine, EDTA, 50uL,100 Pcs",Determine,N/A,Test kit - Ancillary,100.0,1.0,8.0,8.0,0.08,"Alere Medical Co., Ltd.",Yes,2.0,885.49,reasonable,0.01,reasonable
79710.0,Guatemala,PMO - US,Direct Drop,FCA,Air,0.0,No,ARV,Adult,Hoffmann-La Roche ltd Basel,"Saquinavir 500mg [Invirase], tablets, 120 Tabs",Saquinavir,Invirase,500mg,Tablet,120.0,188.0,44639.99,237.45,1.98,Roche Madrid,Yes,33.0,660.3,reasonable,73.66,reasonable
4198.0,Vietnam,PMO - US,Direct Drop,FCA,Air,1.0,Yes,ARV,Adult,ABBVIE LOGISTICS (FORMERLY ABBOTT LOGISTICS BV),"Lopinavir/Ritonavir 200/50mg [Aluvia], tablets, 120 Tabs",Lopinavir/Ritonavir,Aluvia,200/50mg,Tablet,120.0,2000.0,164400.0,82.2,0.68,ABBVIE Ludwigshafen Germany,Yes,513.0,5866.31,expensive,263.04,expensive
13161.0,South Africa,PMO - US,Direct Drop,DDP,Air,0.0,No,ARV,Adult,Aurobindo Pharma Limited,"Efavirenz 600mg, tablets, 30 Tabs",Efavirenz,Generic,600mg,Tablet,30.0,56877.0,265615.59,4.67,0.16,"Aurobindo Unit III, India",Yes,4815.0,5886.9,expensive,572.67,expensive
80730.0,Zimbabwe,PMO - US,Direct Drop,EXW,Air Charter,0.0,No,ARV,Adult,STRIDES ARCOLAB LIMITED,"Nevirapine 200mg, tablets, 60 Tabs",Nevirapine,Generic,200mg,Tablet,60.0,7000.0,15400.0,2.2,0.04,"Strides, Bangalore, India.",Yes,437.0,11814.57,expensive,15.83,expensive
2680.0,Zambia,PMO - US,Direct Drop,EXW,Air,0.0,No,ARV,Pediatric,Aurobindo Pharma Limited,"Abacavir 20mg/ml, oral solution, Bottle, 240 ml",Abacavir,Generic,20mg/ml,Oral solution,240.0,906.0,19071.3,21.05,0.09,"Aurobindo Unit III, India",Yes,316.0,3850.8,reasonable,,reasonable
14016.0,Vietnam,PMO - US,Direct Drop,EXW,Air,0.0,No,ARV,Adult,MICRO LABS LIMITED,"Nevirapine 200mg, tablets, 60 Tabs",Nevirapine,Generic,200mg,Tablet,60.0,7600.0,15808.0,2.08,0.03,"Micro labs, Verna, Goa, India",Yes,1292.0,2800.95,reasonable,16.25,reasonable
65450.0,Nigeria,PMO - US,Direct Drop,EXW,Air,0.0,No,HRDT,HIV test,"Orgenics, Ltd","HIV 1/2, Determine Complete HIV Kit, 100 Tests","HIV 1/2, Determine Complete HIV Kit",Determine,N/A,Test kit,100.0,3067.0,272963.0,89.0,0.89,"Alere Medical Co., Ltd.",Yes,1228.0,13325.65,expensive,337.66,expensive
66792.0,Vietnam,PMO - US,Direct Drop,EXW,Air,0.0,No,ARV,Adult,STRIDES ARCOLAB LIMITED,"Lamivudine 150mg, tablets, 60 Tabs",Lamivudine,Generic,150mg,Tablet,60.0,43262.0,101665.7,2.35,0.04,"Strides, Bangalore, India.",Yes,2035.0,8711.4,expensive,219.19,expensive
9389.0,Guyana,PMO - US,Direct Drop,EXW,Air,0.0,No,HRDT,HIV test,"CHEMBIO DIAGNOSTIC SYSTEMS, INC.","HIV 1/2, Stat-Pak HIV, Kit, 20 Tests","HIV 1/2, Stat-Pak HIV, Kit",Stat-Pak,N/A,Test kit,20.0,120.0,3240.0,27.0,1.35,Chembio Diagnostics Sys. Inc.,Yes,35.0,379.62,reasonable,5.18,reasonable
5243.0,Cote d'Ivoire,PMO - US,Direct Drop,EXW,Air,0.0,No,HRDT,HIV test,RANBAXY Fine Chemicals LTD.,"HIV, Reveal G3 Rapid HIV-1 Antibody Test, 30 Tests","HIV, Reveal G3 Rapid HIV-1 Antibody Test",Reveal,N/A,Test kit,30.0,19.0,551.0,29.0,0.97,Ranbaxy Fine Chemicals LTD,Yes,13.0,859.53,reasonable,,reasonable
26131.0,Zambia,PMO - US,Direct Drop,EXW,Air,0.0,No,HRDT,HIV test,"Trinity Biotech, Plc","HIV 1/2, Uni-Gold HIV Kit, 20 Tests","HIV 1/2, Uni-Gold HIV Kit",Uni-Gold,N/A,Test kit,20.0,3640.0,116480.0,32.0,1.6,"Trinity Biotech, Plc",Yes,1213.0,15504.42,expensive,192.19,expensive
79861.0,Guyana,PMO - US,Direct Drop,EXW,Air,0.0,No,HRDT,HIV test,"Trinity Biotech, Plc","HIV 1/2, Uni-Gold HIV Kit, 20 Tests","HIV 1/2, Uni-Gold HIV Kit",Uni-Gold,N/A,Test kit,20.0,4588.0,146816.0,32.0,1.6,"Trinity Biotech, Plc",Yes,1573.0,26710.2,expensive,242.25,expensive
36603.0,Vietnam,PMO - US,Direct Drop,EXW,Air,0.0,No,ARV,Adult,Aurobindo Pharma Limited,"Nevirapine 200mg, tablets, 60 Tabs",Nevirapine,Generic,200mg,Tablet,60.0,7400.0,16650.0,2.25,0.04,"Aurobindo Unit III, India",Yes,730.0,1338.19,reasonable,17.12,reasonable
80299.0,Namibia,PMO - US,Direct Drop,EXW,Air,0.0,No,HRDT,HIV test,"Orgenics, Ltd","HIV 1/2, Determine HIV Kit, without Lancets, 100 Tests","HIV 1/2, Determine HIV Kit, without Lancets",Determine,N/A,Test kit,100.0,150.0,11655.0,77.7,0.78,Inverness Japan,Yes,35.0,840.46,reasonable,16.34,reasonable
72698.0,Vietnam,PMO - US,Direct Drop,EXW,Air,0.0,No,ARV,Adult,Aurobindo Pharma Limited,"Abacavir 300mg, tablets, 60 Tabs",Abacavir,Generic,300mg,Tablet,60.0,591.0,6737.4,11.4,0.19,"Aurobindo Unit III, India",Yes,36.0,430.5,reasonable,8.33,reasonable
68341.0,South Africa,PMO - US,Direct Drop,DDP,Ocean,0.0,No,ARV,Adult,CIPLA LIMITED,"Tenofovir Disoproxil Fumarate 300mg, tablets, 30 Tabs",Tenofovir Disoproxil Fumarate,Generic,300mg,Tablet,30.0,105278.0,740104.34,7.03,0.23,"Cipla, Goa, India",Yes,7225.0,6038.21,expensive,1595.66,expensive
18422.0,Zambia,PMO - US,Direct Drop,CIP,Air,0.0,No,ARV,Adult,INTERNATIONAL HEALTHCARE DISTRIBUTORS,"Lopinavir/Ritonavir 200/50mg [Aluvia], tablets, 120 Tabs",Lopinavir/Ritonavir,Aluvia,200/50mg,Tablet,120.0,10000.0,369100.0,36.91,0.31,ABBVIE Ludwigshafen Germany,Yes,2294.0,1100.2,reasonable,795.78,reasonable
32438.0,Mozambique,PMO - US,Direct Drop,EXW,Air,0.0,No,HRDT,HIV test,"Orgenics, Ltd","HIV 1/2, Determine Kit without Lancets, Buffer or Caplillary Tubes, 100 Tests","HIV 1/2, Determine Kit without Lancets, Buffer or Capillary Tubes, 100 Tests",Determine,N/A,Test kit,100.0,229.0,16522.35,72.15,0.72,"Alere Medical Co., Ltd.",Yes,43.0,,,16.98,expensive
65621.0,Ethiopia,PMO - US,Direct Drop,EXW,Air,0.0,No,HRDT,HIV test,"CHEMBIO DIAGNOSTIC SYSTEMS, INC.","HIV 1/2, Stat-Pak HIV, Kit, 20 Tests","HIV 1/2, Stat-Pak HIV, Kit",Stat-Pak,N/A,Test kit,20.0,44.0,1276.0,29.0,1.45,Chembio Diagnostics Sys. Inc.,Yes,15.0,529.4,reasonable,1.79,reasonable
53349.0,Guyana,PMO - US,Direct Drop,EXW,Air,0.0,No,HRDT,HIV test,"Orgenics, Ltd","HIV 1/2, Determine Complete HIV Kit, 100 Tests","HIV 1/2, Determine Complete HIV Kit",Determine,N/A,Test kit,100.0,300.0,30000.0,100.0,1.0,"Alere Medical Co., Ltd.",Yes,137.0,3825.21,reasonable,42.06,reasonable
61612.0,Haiti,PMO - US,Direct Drop,EXW,Air,0.0,No,ARV,Adult,EMCURE PHARMACEUTICALS LTD,"Atazanavir/Ritonavir 300/100mg, tablets, 30 Tabs",Atazanavir/Ritonavir,Generic,300/100mg,Tablet,30.0,1000.0,18000.0,18.0,0.6,"Emcure Plot No.P-2, I.T-B.T. Park, Phase II, MIDC, Hinjwadi, Pune, India",Yes,132.0,1579.89,reasonable,18.5,reasonable
82004.0,Guyana,PMO - US,Direct Drop,EXW,Air,0.0,No,HRDT,HIV test,"Trinity Biotech, Plc","HIV 1/2, Uni-Gold HIV Kit, 20 Tests","HIV 1/2, Uni-Gold HIV Kit",Uni-Gold,N/A,Test kit,20.0,1513.0,48416.0,32.0,1.6,"Trinity Biotech, Plc",Yes,410.0,5577.13,expensive,67.88,expensive
28908.0,South Africa,PMO - US,Direct Drop,DDP,Air,0.0,No,ARV,Adult,Aurobindo Pharma Limited,"Nevirapine 200mg, tablets, 60 Tabs",Nevirapine,Generic,200mg,Tablet,60.0,26369.0,76997.48,2.92,0.05,"Aurobindo Unit III, India",Yes,3110.0,5159.33,expensive,166.01,expensive
46432.0,Cote d'Ivoire,PMO - US,Direct Drop,EXW,Air,0.0,No,ARV,Adult,Aurobindo Pharma Limited,"Abacavir/Lamivudine 600/300mg, scored tablets, 30 Tabs",Abacavir/Lamivudine,Generic,600/300mg,Tablet - FDC,30.0,1461.0,33603.0,23.0,0.77,"Aurobindo Unit III, India",Yes,154.0,2986.16,reasonable,65.86,reasonable
33077.0,South Africa,PMO - US,Direct Drop,DDP,Air,0.0,No,ARV,Adult,Aurobindo Pharma Limited,"Abacavir 300mg, tablets, 60 Tabs",Abacavir,Generic,300mg,Tablet,60.0,7600.0,121448.0,15.98,0.27,"Aurobindo Unit III, India",Yes,782.0,2534.68,reasonable,261.84,reasonable
3421.0,Nigeria,PMO - US,Direct Drop,CIP,Air,0.0,No,ARV,Adult,MERCK SHARP & DOHME IDEA GMBH (FORMALLY MERCK SHARP & DOHME B.V.),"Efavirenz/Emtricitabine/Tenofovir Disoproxil Fumarate 600/200/300mg [Atripla], tablets, 30 Tabs",Efavirenz/Emtricitabine/Tenofovir Disoproxil Fumarate,Atripla,600/200/300mg,Tablet - FDC,30.0,5900.0,297360.0,50.4,1.68,"MSD, Haarlem, NL",Yes,493.0,1727.2,reasonable,475.78,reasonable
58808.0,Vietnam,PMO - US,Direct Drop,EXW,Air,0.0,No,ARV,Pediatric,Aurobindo Pharma Limited,"Efavirenz 50mg, capsule, 30 Caps",Efavirenz,Generic,50mg,Capsule,30.0,435.0,974.4,2.24,0.07,"Aurobindo Unit III, India",Yes,25.0,1003.65,reasonable,1.37,reasonable
22684.0,Uganda,PMO - US,Direct Drop,DDP,Air,0.0,No,ARV,Adult,ASPEN PHARMACARE,"Darunavir 300mg [Prezista], tablets, 120 Tabs",Darunavir,Prezista,300mg,Tablet,120.0,259.0,24123.26,93.14,0.78,"Aspen-OSD, Port Elizabeth, SA",Yes,43.0,466.0,reasonable,39.8,reasonable
13007.0,Burundi,PMO - US,Direct Drop,EXW,Air,0.0,No,HRDT,HIV test,"Orgenics, Ltd","HIV 1/2, Determine Complete HIV Kit, 100 Tests","HIV 1/2, Determine Complete HIV Kit",Determine,N/A,Test kit,100.0,1468.0,117440.0,80.0,0.8,"Alere Medical Co., Ltd.",Yes,638.0,12922.07,expensive,145.27,expensive
55518.0,Tanzania,PMO - US,Direct Drop,EXW,Air,0.0,No,HRDT,HIV test,"Orgenics, Ltd","HIV 1/2, Determine Complete HIV Kit, 100 Tests","HIV 1/2, Determine Complete HIV Kit",Determine,N/A,Test kit,100.0,2870.0,229600.0,80.0,0.8,"Alere Medical Co., Ltd.",Yes,1368.0,24308.25,expensive,321.9,expensive
24053.0,Tanzania,PMO - US,Direct Drop,EXW,Air,0.0,No,HRDT,HIV test,"Trinity Biotech, Plc","HIV 1/2, Uni-Gold HIV Kit, 20 Tests","HIV 1/2, Uni-Gold HIV Kit",Uni-Gold,N/A,Test kit,20.0,107.0,3424.0,32.0,1.6,"Trinity Biotech, Plc",Yes,39.0,1158.73,reasonable,4.24,reasonable
21953.0,South Sudan,PMO - US,Direct Drop,EXW,Air,0.0,No,HRDT,HIV test,"Trinity Biotech, Plc","HIV 1/2, Uni-Gold HIV Kit, 20 Tests","HIV 1/2, Uni-Gold HIV Kit",Uni-Gold,N/A,Test kit,20.0,324.0,10368.0,32.0,1.6,"Trinity Biotech, Plc",Yes,107.0,2231.97,reasonable,12.83,reasonable
42655.0,Kenya,PMO - US,Direct Drop,EXW,Air,1.0,Yes,HRDT,HIV test,"Orgenics, Ltd","HIV 1/2, Determine Complete HIV Kit, 100 Tests","HIV 1/2, Determine Complete HIV Kit",Determine,N/A,Test kit,100.0,6636.0,530880.0,80.0,0.8,Inverness Japan,Yes,1036.0,11163.27,expensive,1144.58,expensive
41222.0,Kenya,PMO - US,Direct Drop,EXW,Air,0.0,No,HRDT,HIV test,"Orgenics, Ltd","HIV 1/2, Determine Complete HIV Kit, 100 Tests","HIV 1/2, Determine Complete HIV Kit",Determine,N/A,Test kit,100.0,6100.0,542900.0,89.0,0.89,"Alere Medical Co., Ltd.",Yes,3497.0,40917.19,expensive,895.78,expensive
60168.0,South Africa,PMO - US,Direct Drop,DDP,Air,1.0,Yes,ARV,Adult,CIPLA LIMITED,"Tenofovir Disoproxil Fumarate 300mg, tablets, 30 Tabs",Tenofovir Disoproxil Fumarate,Generic,300mg,Tablet,30.0,64771.0,506509.22,7.82,0.26,"Cipla, Goa, India",Yes,4398.0,5298.03,expensive,1092.03,expensive
8378.0,Vietnam,PMO - US,Direct Drop,EXW,Air,0.0,No,ARV,Adult,MYLAN LABORATORIES LTD (FORMERLY MATRIX LABORATORIES),"Efavirenz 600mg, tablets, 30 Tabs",Efavirenz,Generic,600mg,Tablet,30.0,10080.0,115718.4,11.48,0.38,Mylan (formerly Matrix) Nashik,Yes,772.0,4408.29,reasonable,185.15,reasonable
20544.0,Uganda,PMO - US,Direct Drop,EXW,Air,0.0,No,HRDT,HIV test,"Orgenics, Ltd","HIV 1/2, Determine Complete HIV Kit, 100 Tests","HIV 1/2, Determine Complete HIV Kit",Determine,N/A,Test kit,100.0,4872.0,389760.0,80.0,0.8,"Alere Medical Co., Ltd.",Yes,1978.0,16876.25,expensive,458.75,expensive
13016.0,Burundi,PMO - US,Direct Drop,EXW,Air,0.0,No,HRDT,HIV test,"CHEMBIO DIAGNOSTIC SYSTEMS, INC.","HIV 1/2, Stat-Pak Dipstick Assay Kit, 30 Tests","HIV 1/2, Stat-Pak Dipstick Assay Kit",Stat-Pak,N/A,Test kit,30.0,305.0,7777.5,25.5,0.85,Chembio Diagnostics Sys. Inc.,Yes,34.0,836.8,reasonable,10.9,reasonable
79141.0,Kenya,PMO - US,Direct Drop,EXW,Air,0.0,No,HRDT,HIV test,"Trinity Biotech, Plc","HIV 1/2, Uni-Gold HIV Kit, 20 Tests","HIV 1/2, Uni-Gold HIV Kit",Uni-Gold,N/A,Test kit,20.0,516.0,16512.0,32.0,1.6,"Trinity Biotech, Plc",Yes,174.0,2061.8,reasonable,27.24,reasonable
60545.0,Botswana,PMO - US,Direct Drop,EXW,Air,0.0,No,ARV,Adult,HETERO LABS LIMITED,"Efavirenz/Emtricitabine/Tenofovir Disoproxil Fumarate 600/200/300mg, tablets, 30 Tabs",Efavirenz/Emtricitabine/Tenofovir Disoproxil Fumarate,Generic,600/200/300mg,Tablet - FDC,30.0,32112.0,334928.16,10.43,0.35,"Hetero, Jadcherla, unit 5, IN",Yes,3989.0,19745.22,expensive,394.21,expensive
16496.0,Tanzania,PMO - US,Direct Drop,EXW,Air,0.0,No,ARV,Adult,HETERO LABS LIMITED,"Zidovudine 300mg, tablets, 60 Tabs",Zidovudine,Generic,300mg,Tablet,60.0,63200.0,347600.0,5.5,0.09,Hetero Unit III Hyderabad IN,Yes,4007.0,23397.41,expensive,357.33,expensive
4045.0,Tanzania,PMO - US,Direct Drop,EXW,Air,0.0,No,HRDT,HIV test,"Standard Diagnostics, Inc.","HIV 1/2, Bioline 3.0 Kit, Lancets, Capillary pipets, Alcohol swabs included, 25 Tests","HIV 1/2, Bioline 3.0 Kit, Lancets, Capillary pipets, Alcohol swabs included",Bioline,N/A,Test kit,25.0,10000.0,200000.0,20.0,0.8,"Standard Diagnostics, Korea",Yes,3112.0,22856.02,expensive,392.0,expensive
13748.0,Cote d'Ivoire,PMO - US,Direct Drop,EXW,Air,0.0,No,HRDT,HIV test,"CHEMBIO DIAGNOSTIC SYSTEMS, INC.","HIV 1/2, Stat-Pak HIV, Kit, 20 Tests","HIV 1/2, Stat-Pak HIV, Kit",Stat-Pak,N/A,Test kit,20.0,350.0,9450.0,27.0,1.35,Chembio Diagnostics Sys. Inc.,Yes,205.0,1437.4,reasonable,18.52,reasonable
16213.0,Burundi,PMO - US,Direct Drop,EXW,Air,0.0,No,HRDT,HIV test,"CHEMBIO DIAGNOSTIC SYSTEMS, INC.","HIV 1/2, Stat-Pak Dipstick Assay Kit, 30 Tests","HIV 1/2, Stat-Pak Dipstick Assay Kit",Stat-Pak,N/A,Test kit,30.0,414.0,11426.4,27.6,0.92,Chembio Diagnostics Sys. Inc.,Yes,44.0,694.1,reasonable,11.75,reasonable
58642.0,Sudan,PMO - US,Direct Drop,EXW,Air,0.0,No,HRDT,HIV test,"Trinity Biotech, Plc","HIV 1/2, Uni-Gold HIV Kit, 20 Tests","HIV 1/2, Uni-Gold HIV Kit",Uni-Gold,N/A,Test kit,20.0,58.0,1856.0,32.0,1.6,"Trinity Biotech, Plc",Yes,20.0,644.02,reasonable,3.06,reasonable
13652.0,Vietnam,PMO - US,Direct Drop,EXW,Air,0.0,No,ARV,Adult,MYLAN LABORATORIES LTD (FORMERLY MATRIX LABORATORIES),"Efavirenz 600mg, tablets, 30 Tabs",Efavirenz,Generic,600mg,Tablet,30.0,21504.0,139776.0,6.5,0.22,Mylan (formerly Matrix) Nashik,Yes,1849.0,4191.83,reasonable,273.96,reasonable
8554.0,Zambia,PMO - US,Direct Drop,EXW,Air,0.0,No,HRDT,HIV test,"Standard Diagnostics, Inc.","HIV 1/2, Bioline 3.0 Kit, Lancets, Capillary pipets, Alcohol swabs included, 25 Tests","HIV 1/2, Bioline 3.0 Kit, Lancets, Capillary pipets, Alcohol swabs included",Bioline,N/A,Test kit,25.0,500.0,10000.0,20.0,0.8,"Standard Diagnostics, Korea",Yes,157.0,1754.04,reasonable,19.6,reasonable
56861.0,Haiti,PMO - US,Direct Drop,EXW,Air,0.0,No,HRDT,HIV test,"SHANGHAI KEHUA BIOENGINEERING CO.,LTD.  (KHB)","HIV 1/2, SKB Colloidal Gold, Diagnostic Kit, Antibody, 50 Tests","HIV 1/2, Colloidal Gold, Diagnostic Kit, Antibody",Colloidal Gold,N/A,Test kit,1.0,250.0,6125.0,24.5,24.5,"KHB Test Kit Facility, Shanghai China",Yes,164.0,2204.84,reasonable,7.58,reasonable
25083.0,Swaziland,PMO - US,Direct Drop,EXW,Air,0.0,No,HRDT,HIV test,"Trinity Biotech, Plc","HIV 1/2, Uni-Gold HIV Kit, 20 Tests","HIV 1/2, Uni-Gold HIV Kit",Uni-Gold,N/A,Test kit,20.0,150.0,4800.0,32.0,1.6,"Trinity Biotech, Plc",Yes,54.0,752.58,reasonable,6.73,reasonable
66373.0,Guyana,PMO - US,Direct Drop,EXW,Air,0.0,No,HRDT,HIV test,"Trinity Biotech, Plc","HIV 1/2, Uni-Gold HIV Kit, 20 Tests","HIV 1/2, Uni-Gold HIV Kit",Uni-Gold,N/A,Test kit,20.0,2334.0,74688.0,32.0,1.6,"Trinity Biotech, Plc",Yes,807.0,6558.08,expensive,161.03,expensive
35640.0,Liberia,PMO - US,Direct Drop,EXW,Air,0.0,No,HRDT,HIV test,"Orgenics, Ltd","HIV 1/2, Determine Complete HIV Kit, 100 Tests","HIV 1/2, Determine Complete HIV Kit",Determine,N/A,Test kit,100.0,520.0,41600.0,80.0,0.8,Inverness Japan,Yes,252.0,8678.71,expensive,68.64,expensive
13608.0,Uganda,PMO - US,Direct Drop,DDP,Air,0.0,No,ARV,Adult,ASPEN PHARMACARE,"Etravirine 100mg [Intelence], tablets, 120 Tabs",Etravirine,Intelence,100mg,Tablet,120.0,121.0,9075.0,75.0,0.62,"Janssen-Cilag, Latina, IT",Yes,43.0,199.0,reasonable,12.72,reasonable
80394.0,"Congo, DRC",PMO - US,Direct Drop,EXW,Air,0.0,No,HRDT,HIV test,"Trinity Biotech, Plc","HIV 1/2, Uni-Gold HIV Kit, 20 Tests","HIV 1/2, Uni-Gold HIV Kit",Uni-Gold,N/A,Test kit,20.0,292.0,9344.0,32.0,1.6,"Trinity Biotech, Plc",Yes,99.0,2162.55,reasonable,13.1,reasonable
61675.0,Zambia,PMO - US,Direct Drop,EXW,Air,1.0,Yes,HRDT,HIV test,"Orgenics, Ltd","HIV 1/2, Determine Complete HIV Kit, 100 Tests","HIV 1/2, Determine Complete HIV Kit",Determine,N/A,Test kit,100.0,2127.0,170160.0,80.0,0.8,"Alere Medical Co., Ltd.",Yes,881.0,14019.38,expensive,210.49,expensive
39182.0,South Africa,PMO - US,Direct Drop,DDP,Ocean,0.0,No,ARV,Adult,Aurobindo Pharma Limited,"Efavirenz 600mg, tablets, 30 Tabs",Efavirenz,Generic,600mg,Tablet,30.0,191011.0,861459.61,4.51,0.15,"Aurobindo Unit III, India",Yes,16234.0,14439.17,expensive,1421.41,expensive
5645.0,Botswana,PMO - US,Direct Drop,EXW,Air,0.0,No,HRDT,HIV test,"Orgenics, Ltd","HIV 1/2, Determine HIV Kit, without Lancets, 100 Tests","HIV 1/2, Determine HIV Kit, without Lancets",Determine,N/A,Test kit,100.0,200.0,14398.0,71.99,0.72,Inverness Japan,Yes,46.0,1028.18,reasonable,23.04,reasonable
